3352 5166
648 366 840 419 -101-

124 523 220 587 castri
246 523 463 589 Beneventani
488 521 673 587 reddicione
696 523 756 586 sibi
781 527 911 603 negata,
935 545 970 586 se
994 524 1125 604 recepit,
1159 542 1219 602 ego
1253 522 1294 588 de
1327 523 1373 586 ta·

124 636 213 699 milia
238 638 382 702 eiusdem
407 637 562 719 prepositi
587 641 664 701 tuuc
689 637 831 702 existens
855 639 939 702 circa
963 637 1196 719 premissorum
1231 641 1263 700 et
1291 637 1374 702 intra

122 751 334 816 dicendorum
368 753 539 817 veritatem
574 751 807 832 experiendam
841 753 1028 834 precipuaur
1070 751 1205 816 adhibui
1238 751 1374 831 diligen·

123 867 217 930 ciam.
266 866 359 930 Unde
382 867 508 939 accidit,
540 867 628 948 qrrod
662 866 805 948 quadam
840 872 935 930 nocte
969 866 1089 931 mensis
1124 865 1241 947 Aprilis
1275 865 1374 929 talem

124 980 243 1043 ibidem
278 981 377 1045 lrabui
412 981 578 1045 visionem.
642 982 780 1045 tubebar
803 981 894 1045 cuius
919 981 1027 1045 neseio
1051 985 1229 1063 precepton
1261 1001 1374 1045 ascen·

124 1095 202 1159 dere
227 1096 340 1158 turrim
367 1097 554 1160 monasterii
579 1101 692 1160 sancte
708 1096 801 1160 Clare
822 1097 853 1159 in
874 1095 1010 1177 Neapoli
1037 1104 1068 1160 et
1092 1095 1275 1177 perspicere
1298 1095 1374 1160 civi-

126 1214 247 1281 tatem;
284 1214 316 1273 et
350 1230 422 1274 cum
457 1212 502 1274 sic
525 1217 647 1275 starem
674 1211 704 1274 in
730 1211 920 1275 summitate
953 1211 1060 1284 turris,
1096 1230 1187 1275 mare
1220 1210 1374 1274 intumuit

123 1329 238 1388 eontra
264 1325 427 1389 civitatem
453 1325 601 1406 procellis
626 1326 762 1403 magnis,
797 1330 828 1389 et
858 1344 917 1405 ego
941 1325 1148 1407 perpendens
1172 1324 1372 1388 edificiorum

123 1440 264 1503 civitatis
308 1440 407 1521 ipsius
449 1440 728 1518 magnificenciam
770 1440 965 1505 lacrinrabar
998 1445 1030 1504 et
1067 1439 1230 1504 civitatem
1269 1439 1373 1519 ipsam

124 1554 304 1634 perituram
328 1573 443 1618 amaro
467 1554 564 1618 corde
588 1555 759 1619 detlebam.
809 1555 846 1617 Et
870 1555 960 1636 quod
995 1554 1054 1619 hec
1088 1554 1169 1617 visio
1193 1549 1286 1616 non¹¹
1316 1552 1375 1615 fuit

125 1668 241 1743 inanis,
265 1670 439 1749 sequencia
464 1669 558 1750 plene
582 1669 758 1734 declarant.
807 1669 891 1732 Dum
925 1669 1010 1731 enim
1044 1668 1197 1731 dominus
1221 1667 1373 1731 Urbanus

124 1793 258 1857 reaem⁰
281 1787 313 1846 et
338 1784 481 1864 reginam
507 1784 651 1864 predicte
675 1783 929 1864 conspiracionis
959 1783 1105 1848 conscios
1133 1783 1231 1846 luisse
1255 1801 1374 1861 cogno·

123 1897 180 1964 vit.
207 1898 274 1978 ipse
297 1898 408 1962 citavit
442 1917 498 1961 eos
530 1902 561 1961 et
592 1899 622 1962 in
654 1895 799 1980 penaml
835 1899 1039 1962 contumacia
1073 1901 1188 1961 contra
1223 1915 1279 1960 eos
1314 1897 1376 1960 rite

123 2012 307 2093 procedens
346 2013 433 2093 ipsos
466 2013 758 2077 excommunicavit
792 2016 823 2076 et
856 2032 960 2094 usque
992 2012 1034 2077 ad
1059 2016 1211 2093 quartam
1236 2027 1576 2090 genera-naamani

123 2125 250 2191 cionem
276 2126 453 2202 maledixit,
492 2127 671 2191 bonoribus
700 2132 733 2191 et
757 2127 970 2208 dignitatibus
994 2131 1026 2191 et
1050 2126 1220 2208 presertim
1247 2127 1375 2190 ierusa-

124 2241 187 2304 lem
214 2244 245 2305 et
269 2241 376 2306 Sicilie
401 2242 507 2316 regnis
531 2247 700 2324 tamquam
725 2243 877 2305 dominus
901 2242 987 2306 feudi
1017 2246 1048 2304 el
1082 2241 1184 2304 eciam
1219 2244 1254 2303 ut
1287 2258 1376 2302 sum·

125 2374 200 2418 mus
223 2356 367 2436 pontifex
391 2375 447 2419 eos
483 2357 622 2436 privavit
655 2377 692 2420 ac
726 2357 963 2421 strictissimum
997 2355 1203 2419 interdictum
1239 2353 1375 2434 Neapoli

125 2473 159 2532 et
183 2470 213 2532 in
238 2470 331 2533 terris
355 2470 426 2533 aliis
449 2471 495 2534 eis
519 2470 751 2534 adherentibus
775 2472 897 2535 servari
915 2471 1084 2534 mandavit
1099 2471 1131 2545 ¹l.
1168 2470 1376 2550 Quapropter

124 2581 167 2644 de
199 2601 358 2646 consensu
392 2589 425 2647 et
458 2585 614 2649 mandato
648 2587 767 2663 regine,
801 2605 876 2666 rege
909 2606 973 2650 uon
999 2590 1159 2667 presente,
1192 2605 1276 2666 pape
1300 2603 1376 2665 pro·

124 2697 256 2778 pinquis
280 2703 309 2761 et
335 2699 447 2761 amicis
472 2697 607 2779 Neapoli
632 2699 857 2763 habitantibus
881 2700 1021 2781 capusu
1055 2700 1218 2779 rebusque
1250 2703 1282 2761 et
1315 2698 1373 2761 bo·
1391 2718 1442 2758 nu
1455 2715 1525 2765 (ran.
1538 2718 1578 2760 ra.)

125 2810 176 2874 nis
200 2830 312 2874 eorum
337 2812 512 2894 dissipatis.
547 2814 578 2876 in
612 2819 720 2879 castro
757 2815 887 2878 Luceria
920 2819 967 2876 est
994 2834 1080 2895 papa
1113 2813 1283 2876 obsidione
1313 2813 1376 2874 lor·

125 2925 206 2989 ciori
230 2926 411 2990 conclusus,
459 2927 545 2992 lnler
570 2928 626 2991 bec
651 2947 705 2992 rex
732 2928 871 2992 Karalus
894 2928 935 2992 de
968 2929 1114 3010 partibus
1145 2927 1262 3008 Apulie
1291 2925 1375 2990 Nea·

124 3040 226 3123 polim
252 3060 400 3105 reversus
413 3042 447 3115 tl,
481 3042 604 3105 clericis
637 3044 698 3105 sub
731 3043 868 3107 canceris
902 3049 933 3107 et
967 3063 1073 3106 rerum
1098 3043 1244 3106 omnium
1270 3040 1377 3122 perdi·
1394 3054 1578 3104 neumata

123 3155 230 3217 cionis
262 3176 344 3237 pena
370 3156 534 3220 celebrare
565 3157 673 3220 divina
699 3158 827 3238 publice
860 3164 973 3222 contra
1007 3158 1164 3220 mandata
1197 3156 1377 3238 apostoliea

123 3268 272 3332 districte
296 3269 484 3343 mendacin
510 3281 636 3352 quare⁰
667 3271 863 3352 quibusdam
893 3291 1005 3335 eorum
1031 3272 1143 3351 paucis
1167 3275 1278 3335 tamen
1303 3269 1378 3334 inde

124 3382 354 3447 recedentibus
387 3385 479 3447 multi
513 3390 544 3448 et
577 3387 730 3467 precipue
774 3386 911 3465 religiosi
946 3386 1011 3464 regi
1053 3385 1124 3466 plus
1157 3405 1256 3467 quarn
1291 3404 1377 3466 pape

124 3497 297 3579 parebant.
345 3498 557 3579 Multiplieato
582 3501 665 3565 inter
689 3501 747 3564 lrec
773 3501 914 3565 exercitu
939 3521 1060 3582 papam
1085 3500 1256 3563 obsidente
1280 3503 1377 3580 capta

124 3616 176 3676 est
210 3612 322 3676 civitas
363 3613 495 3677 Lucerie
533 3633 598 3677 non
631 3615 701 3679 sine
738 3635 823 3697 pape
856 3615 998 3679 fidelium
1032 3613 1120 3678 cede.
1189 3613 1227 3677 Et
1259 3613 1377 3678 deinde

124 3727 244 3790 erectis
268 3726 426 3790 machinis
456 3728 710 3810 bombardisque
744 3730 901 3810 oppositis
935 3728 1081 3807 ingencia
1114 3747 1193 3791 saxa
1227 3728 1377 3792 emitten-

123 3841 215 3904 tibus
248 3861 306 3905 uec
339 3861 404 3904 non
439 3843 560 3906 crebris
593 3843 783 3908 balistarum
818 3845 944 3923 sagittis
978 3847 1121 3906 castrum
1156 3843 1377 3923 impugnatur.

124 3961 156 4019 et
184 3960 280 4037 capto
304 3958 453 4021 exteriori
479 3977 573 4021 ruuro
598 3959 695 4022 castri
715 3964 805 4022 ortus
830 3978 968 4037 maanus
992 3959 1093 4039 ipsius
1117 3959 1214 4022 castri
1239 3977 1297 4038 per
1320 3957 1378 4020 ad-

126 4071 289 4134 versarios
324 4091 407 4154 pape
449 4078 636 4167 occupatur.
686 4074 762 4138 Erat
800 4078 910 4137 autem
945 4078 1086 4136 castrum
1128 4073 1191 4136 alio
1234 4072 1378 4154 quodam

128 4221 261 4230 -—-.-..

219 4301 234 4329 ἢ
254 4289 344 4342 nescio
363 4290 439 4342 euius
459 4294 585 4359 precepto
614 4290 674 4344 Par.
730 4287 870 4343 brisioni·
901 4291 1043 4341 rerbmaert
1073 4293 1099 4340 tn
1133 4287 1202 4340 visio
1230 4304 1282 4340 non
1314 4285 1380 4340 Pad.

126 4392 140 4419 ο
166 4396 323 4447 corregam
343 4377 454 4431 atPad.
537 4377 552 4418 <l
574 4379 599 4431 in
620 4395 716 4448 ponam
737 4377 800 4431 Pad.
875 4388 888 4417 ⁰
910 4380 980 4429 dean
1000 4376 1060 4430 Par.

221 4579 239 4642 ¹)
266 4580 351 4643 l'erql.
372 4576 468 4630 chron.
488 4576 568 4630 Sicut.
589 4583 615 4629 N.
638 4583 678 4629 .'›.'›.
719 4607 748 4614 -
789 4576 808 4641 ¹)
840 4579 889 4629 Ilii·
910 4578 1080 4642 lteilrrnfnlye
1103 4578 1152 4626 der·
1172 4577 1326 4641 Ereiynieae
1346 4578 1380 4625 iat

128 4669 191 4721 bier
208 4667 282 4719 nictit
299 4684 395 4735 pennu.
427 4667 514 4733 Vergil.
535 4664 634 4719 Chron.
653 4664 735 4718 Sicul.
755 4665 783 4717 S.
803 4669 845 4717 aid.
866 4693 897 4701 —
919 4664 938 4728 ³)
964 4666 1052 4730 l'erpl.
1071 4661 1168 4716 Chron.
1188 4660 1269 4715 Sinni.
1290 4660 1317 4713 S.
1338 4665 1381 4716 56
