3352 5166
736 366 928 418 „150-

209 521 430 601 inclutgcncins
454 521 484 584 in
510 539 627 599 genere
651 520 701 584 vel
727 521 759 583 in
783 522 900 602 specie,
933 521 1022 602 quod
1055 520 1260 601 indulgencie
1295 538 1356 603 per
1387 542 1459 588 eas·

209 638 283 700 dem
308 637 418 701 literas
447 656 599 701 concesse
632 655 696 698 non
731 635 952 714 intelligantur
984 640 1158 701 revocate‘.
1205 636 1285 700 ltem
1318 636 1461 702 cassavit

209 757 241 815 et
265 751 401 815 irritavit
426 751 647 829 inclulgencias
670 771 727 814 seu
751 751 877 829 gracias
900 770 1071 815 concessas
1104 750 1174 828 iltis,
1203 751 1258 832 qui
1291 756 1461 833 preessent

210 867 306 929 certis
330 865 390 946 piis
414 865 503 942 locis,
527 865 669 929 ecclesiis
693 866 742 929 vel
763 865 977 943 monasteriis,
1002 865 1089 946 quod
1110 865 1169 947 ipsi
1189 870 1326 947 possent
1344 865 1462 945 eligere

211 985 316 1045 certos
340 980 550 1047 consessores.
575 981 631 1061 qni
654 981 804 1044 audirent
838 981 1057 1045 consessiones
1089 1000 1304 1062 personarum
1337 982 1463 1045 contiu-

212 1096 338 1159 encium
363 1115 423 1176 pro
447 1095 657 1174 indulgeneiis
682 1096 759 1176 ipsis
783 1096 871 1171 lociS,
904 1095 1047 1160 ecclesiis
1080 1096 1129 1160 vel
1154 1096 1363 1160 monasteriis
1386 1116 1463 1161 con·

212 1211 311 1275 cessis
334 1214 366 1273 et
390 1210 559 1275 absolvere
583 1211 664 1287 illos,
696 1211 750 1292 qui
782 1211 827 1273 eis
852 1211 1094 1287 confiterentur,
1128 1210 1231 1275 eciam
1264 1210 1296 1273 in
1332 1210 1464 1276 casibus

212 1323 461 1406 episcopalibus,
486 1344 523 1387 ac
548 1325 652 1389 eciam
677 1326 856 1406 apostolice
879 1325 948 1389 sedi
973 1326 1156 1390 reservatis.
1207 1325 1287 1390 item
1321 1326 1464 1391 cassavit

214 1444 246 1503 ct
270 1439 406 1504 irritavit
430 1439 554 1502 litteras
577 1460 665 1507 suas,
698 1460 757 1521 per
779 1460 862 1521 quas
887 1443 1093 1505 concesserat
1125 1439 1324 1522 quibusdam
1357 1440 1465 1506 iratri-

213 1555 273 1617 bus
297 1554 338 1618 de
362 1554 530 1616 ordinibus
554 1553 822 1629 Mendicancium,
856 1555 944 1636 quod
968 1557 1102 1636 possent
1135 1555 1265 1619 eciam‘·
1295 1553 1406 1618 invitis
1433 1560 1464 1619 et

213 1668 512 1734 contradicentibus
536 1669 715 1733 rectoribus
739 1668 989 1749 parrochialium
1014 1670 1223 1734 ecclesiarum
1256 1668 1289 1733 in
1318 1669 1464 1751 ipsorum

213 1783 355 1847 eeclesiis
379 1783 492 1846 audire
516 1784 733 1848 confessiones
758 1784 902 1865 ipsorum
925 1783 1216 1865 parrochianorum
1234 1783 1391 1865 ipsosque
1408 1784 1466 1849 ab-

214 1897 340 1960 solvere
364 1898 467 1960 eciam
493 1896 523 1961 in
548 1898 678 1962 casibus
700 1870 906 1987 ⁴supradictis.
932 1902 964 1962 ct
987 1898 1080 1979 plum
1104 1897 1168 1963 alia
1192 1894 1336 1962 contrab
1354 1898 1529 1963 decre-ar·

214 2014 312 2077 talem
339 2013 391 2094 pie
414 2013 570 2076 memorie
594 2013 750 2077 Boniiacii
773 2032 859 2094 pape
883 2013 1000 2089 octavi,
1029 2032 1093 2094 que
1117 2013 1229 2094 incipit
1262 2012 1382 2095 ,Super
1413 2032 1467 2078 ca·

216 2128 387 2203 thedram‘,
412 2132 444 2190 et
477 2128 508 2190 in
542 2128 677 2192 concilio
702 2128 875 2192 Viennensi
899 2147 958 2209 per
990 2127 1089 2191 felicis
1121 2126 1365 2192 recordacionis
1395 2126 1467 2191 Gle-

216 2247 359 2306 mentem
375 2262 495 2323 papam
514 2243 662 2323 quintum
680 2243 868 2306 innovatam
883 2246 915 2320 ¹).
950 2242 988 2305 Et
1004 2241 1105 2306 voluit
1128 2261 1244 2305 omnes
1267 2242 1352 2307 tales
1374 2246 1466 2324 pote·

217 2361 318 2421 states
341 2361 374 2420 et
398 2357 506 2420 literas
530 2357 591 2420 sub
614 2357 729 2437 quavis
754 2360 857 2420 tonna
882 2357 931 2419 vel
959 2357 1167 2437 expressione
1191 2356 1367 2421 verborum
1390 2376 1467 2421 con·

218 2492 326 2536 cessas
350 2471 468 2534 nullius
492 2473 618 2535 roboris
642 2492 713 2536 csse
737 2472 786 2536 vel
816 2471 984 2535 momenti.
1031 2472 1112 2534 ltem
1146 2472 1313 2536 revocavit
1344 2476 1378 2536 et
1408 2491 1466 2535 an-

218 2587 353 2651 nullavit
376 2606 490 2648 omnes
513 2587 638 2666 gracias
661 2587 947 2668 ‹lispensaciouum
971 2605 991 2649 a
1018 2606 1054 2650 se
1086 2587 1245 2651 iacturum
1268 2586 1467 2668 quibuscun-

219 2721 282 2782 que
307 2702 459 2764 iratribus
484 2703 636 2765 ordinum
658 2701 927 2775 blenrlicanciurm
952 2700 1040 2781 quod
1060 2704 1194 2782 possent
1218 2700 1391 2767 obtinere‘·
1412 2702 1467 2767 be·

219 2816 333 2881 noticia
358 2817 575 2881 ecclesiastica
599 2836 672 2880 cum
683 2813 698 2854 ‘¹
719 2836 796 2880 cura
812 2816 862 2879 rel
877 2815 947 2880 sine
962 2835 1050 2892 cura,
1065 2819 1222 2880 consueta
1238 2814 1364 2881 clericis
1377 2834 1467 2880 secu·

220 2931 341 2993 taribus
360 2931 528 3010 assignari,
553 2932 578 2994 si
599 2932 645 2994 eis
664 2930 746 2995 alias
765 2931 921 2994 canonice
945 2930 1169 2995 conferrentur
1191 2930 1253 2994 sub
1273 2948 1467 3012 quacunque

220 3046 324 3110 sorana
343 3047 515 3109 verborum
538 3047 585 3110 vel
602 3046 819 3127 expressione,
835 3064 900 3125 quc
915 3065 980 3108 non
996 3048 1089 3109 crant
1109 3046 1223 3109 sortite
1236 3045 1401 3109 ellectum.
1431 3044 1468 3108 Et

221 3162 273 3227 illi.
298 3163 353 3243 qui
380 3162 488 3239 rigore
512 3162 624 3225 talium
660 3161 943 3241 dispensacionum
979 3164 1112 3224 essent⁰
1134 3162 1209 3223 actu
1241 3158 1338 3241 plura
1371 3158 1468 3224 bene·

220 3278 292 3340 licia
317 3277 401 3341 ultra
426 3297 525 3339 ιιιιιιιιι
551 3277 725 3351 consecuti,
750 3275 950 3339 dimitterent
974 3275 1027 3340 illa
1051 3280 1084 3339 et
1102 3294 1204 3338 unum
1223 3273 1399 3339 dumtaxat
1420 3294 1469 3339 re.-

220 3392 369 3457 tinercut.
394 3393 420 3453 si
446 3396 555 3454 tanuen
580 3395 728 3454 curatum
753 3390 915 3465 existeret,
945 3389 1015 3453 aliis
1040 3389 1071 3452 in
1104 3388 1256 3452 nurnibus
1290 3388 1468 3453 orvlinario·

221 3526 292 3570 rum
318 3505 458 3568 dirrrissis
483 3505 600 3571 libere:
639 3508 726 3586 quod
751 3507 776 3569 si
801 3506 883 3569 inira
907 3525 964 3569 sex
989 3524 1117 3568 menses
1140 3526 1160 3567 a
1184 3506 1335 3585 tempore
1365 3502 1469 3585 publi·

221 3621 361 3685 caelenis
387 3621 528 3701 ipsarum
556 3621 803 3684 revocacionum
830 3621 882 3684 illa
907 3639 972 3683 non
988 3619 1198 3693 dimitterent,
1219 3635 1260 3681 eo
1277 3618 1349 3701 ipso
1363 3620 1469 3683 essent

220 3736 307 3799 (licto
340 3755 405 3797 nno
438 3739 468 3797 ct
502 3735 572 3797 aliis
605 3736 732 3815 privati,
765 3740 796 3797 et
830 3734 1093 3816 dispensaciones
1127 3734 1196 3815 ipse
1231 3732 1322 3796 ιιιιιιιί
1355 3732 1469 3798 ellectu

220 3853 368 3913 carerent
392 3856 422 3911 ct
448 3854 677 3931 reputarentur
696 3869 754 3930 pro
779 3869 843 3912 non
868 3849 969 3913 iactis.
1018 3849 1098 3913 ltem
1119 3847 1285 3911 ordinavit
1307 3850 1341 3911 et
1359 3844 1468 3915 volut

221 3964 308 4045 quod
334 3964 387 4029 illi.
412 3985 484 4027 cnm
510 3965 628 4046 quilms
653 3969 734 4028 essct
761 3983 819 4045 per·
842 3983 916 4027 eum
942 3982 1045 4044 usque
1069 3962 1111 4026 ad
1131 3962 1219 4026 illum
1237 3960 1326 4025 diem
1340 3961 1468 4045 dispen-

221 4084 340 4149 satum,
366 4080 453 4159 ιμιιιιΙ
477 4085 607 4160 possent
634 4079 727 4160 plura
744 4078 899 4142 beneticia
917 4076 1183 4159 incompatibilia,
1204 4074 1354 4141 videlicet
1369 4074 1470 4157 digni·

223 4199 316 4269 tates,
349 4197 542 4274 personatus
576 4194 624 4255 vcl
659 4194 765 4258 <illicia
799 4197 855 4257 ιιιιι
880 4191 1100 4273 parrochiales
1141 4186 1319 4256 ecclesiass
1343 4186 1469 4253 insimul

312 4422 327 4449 ιι
347 4410 431 4462 eciam
461 4413 571 4476 possent
601 4409 660 4462 l'er.
753 4407 768 4445 ¹¹
788 4411 858 4458 «terat
887 4407 951 4461 Paci.
1035 4420 1048 4445 ι·
1070 4410 1162 4460 tenere
1190 4404 1252 4459 Par.
1335 4400 1416 4457 ‹tvot
1441 4400 1469 4457 Ῑι.

223 4512 235 4535 ι·
258 4501 327 4548 ‹ta-st
349 4496 376 4549 li.
399 4496 463 4549 l'ncl.
538 4496 549 4535 s
575 4496 688 4549 ecclesie
707 4496 768 4549 Par.

315 4670 334 4735 ¹)
353 4668 382 4722 C.
402 4669 427 4722 ⁴2.
448 4667 532 4722 Clam.
552 4668 576 4731 3,
598 4668 621 4722 i.
