3390 5160
709 316 885 372 -31-

171 470 405 548 iurisdictione,
451 481 574 550 primus
623 480 741 535 ibidem
785 481 969 541 ordinavit.
1007 480 1102 534 cuius
1140 479 1427 535 ministrscionem

170 580 287 646 postes
308 576 397 630 llotbo
426 577 604 648 episcopos
632 579 799 648 prepositure
828 578 959 648 adjecit.

279 672 504 743 Meynvorcus
532 674 603 728 dies
632 675 764 730 nstsles
791 685 945 729 sanctorum
967 674 1097 729 Bonitscii
1126 679 1153 728 ct
1181 677 1285 744 septem
1314 676 1628 739 trstnrmvxnmqg

168 767 301 823 celebrsri
324 786 380 840 per
408 769 565 825 diocesim
594 789 682 825 suern
712 772 831 826 instituit
885 772 960 841 lpse
988 771 1135 824 obtinuit
1163 771 1196 824 sb
1225 771 1427 841 imperatore

169 866 362 921 semitutum
396 867 596 937 Wsrtbergh
629 875 704 939 post
746 874 878 923 mortem
921 868 1101 922 Dediconis
1142 859 1294 931 comitis,
1332 886 1427 938 quem

170 962 416 1035 steynnrous,
435 965 507 1020 dum
527 966 609 1020 idem
629 966 862 1021 eomesedhuc
882 967 1029 1028 viseret,
1050 966 1113 1020 sibi
1144 965 1241 1020 vendi
1272 983 1349 1036 sepe
1377 983 1428 1036 po-

168 1060 323 1117 stulerit.
360 1061 421 1116 Sed
441 1062 498 1117 ille
517 1064 623 1132 magis
642 1063 758 1118 volens
777 1063 870 1124 tilium.
899 1080 992 1133 quem
1021 1063 1054 1117 de
1081 1063 1176 1133 pellice
1205 1062 1332 1124 hebuit,
1362 1063 1426 1117 sibi
1470 1077 1501 1117 rs.

168 1157 864 1221 succedere,vendereuoluitcomitstum.
901 1159 1021 1214 Temen
1049 1159 1152 1213 multe
1181 1159 1425 1230 prediseccle·
1467 1172 1500 1213 ee.

168 1254 219 1309 sie
239 1254 502 1310 Psderburnsusi
522 1257 662 1311 donsvit.
700 1257 759 1311 Sed
789 1261 864 1326 post
891 1263 1027 1310 mortem
1047 1257 1119 1311 eius
1147 1257 1290 1327 epiecopus
1319 1256 1353 1311 sb
1372 1257 1427 1310 im·
1456 1266 1500 1307 in.

169 1357 323 1422 peratore
352 1351 492 1407 ilenrico
520 1353 676 1407 contributum
706 1353 871 1415 obtinuit,
904 1354 1057 1423 quonism
1096 1353 1179 1407 idem
1219 1337 1327 1407 comes
1355 1353 1426 1406 sins

170 1447 289 1502 liberis
308 1448 464 1505 decessit.
502 1449 616 1514 Quidem
632 1460 739 1504 lemen
759 1451 924 1520 propinquus
948 1449 1097 1504 Dediconis
1120 1449 1227 1503 nomine
1252 1449 1427 1503 Bernsrdos
1454 1462 1500 1503 trs.

168 1561 270 1614 super
300 1547 457 1601 comitutu
489 1554 604 1616 postes
636 1547 825 1616 episcopum
867 1547 1088 1616 inquietavit,
1119 1565 1210 1616 quem
1251 1547 1426 1616 episcopus

168 1642 301 1711 megnis
331 1644 402 1698 euri
433 1648 466 1697 et
501 1645 632 1712 urgenti
670 1644 868 1714 ponderibus
895 1663 931 1697 uo
968 1644 1081 1713 triginta
1118 1644 1267 1714 plucsvit
1298 1644 1426 1714 equsbus.

169 1738 250 1794 Post
268 1747 406 1795 mortem
425 1747 533 1796 temen
553 1741 687 1795 Heurici
709 1742 925 1810 imperstoris
953 1741 1124 1796 Conredus
1153 1743 1329 1811 imperator
1347 1742 1426 1795 comi·
1455 1758 1500 1798 ies

168 1840 257 1890 tetum
277 1838 380 1907 ipsum
400 1838 514 1892 ecclesie
533 1838 799 1892 l'sderburneusi
823 1838 969 1892 obstulit
988 1844 1020 1891 et
1035 1838 1172 1891 llrielonin
1187 1840 1205 1903 ¹)
1225 1838 1427 1909 archiepiscopo

168 1931 331 2001 Hsguutiuo
359 1952 428 1988 euru
456 1933 609 1989 contulit.
660 1934 721 1989 Sed
750 1932 850 2005 postb
883 1939 1018 1987 mortem
1048 1934 1156 2005 ipsios
1180 1933 1426 2005 archiepiscopi
1521 1954 1527 1963 ·

168 2028 397 2100 Ueyuwercus
430 2033 621 2086 comitatum
651 2033 863 2102 recupsrsvit
894 2037 926 2085 ot
946 2031 1099 2085 obtinuit.
1138 2030 1301 2085 Heurieus
1330 2032 1619 2102 impe-censione

168 2132 261 2181 retor
289 2127 341 2181 vir
368 2146 483 2198 megne
511 2127 705 2182 devocionis
734 2146 816 2182 suno
835 2132 954 2197 quarto
974 2129 1066 2197 regui
1086 2129 1136 2182 sui
1165 2129 1191 2181 in
1211 2088 1591 2187 Tremoniels·1ooi¹iiiir.

168 2232 242 2286 buit
278 2234 452 2288 concilium
494 2252 563 2288 cum
605 2234 773 2304 episeopis
810 2233 842 2292 et
866 2227 1066 2309 principibus
1090 2229 1189 2307 regni.
1225 2240 1256 2290 st
1289 2237 1426 2291 luerunt

169 2337 216 2393 ibi
244 2345 420 2410 presentes
450 2339 679 2403 coloniensis,
709 2340 899 2395 bremensis
927 2347 959 2394 et
988 2340 1290 2409 Megdeburgeusis
1319 2341 1424 2396 erchi-

168 2436 319 2507 episcopi
347 2443 377 2491 et
399 2437 693 2497 Mouesterisnsie.
714 2437 1006 2506 osneburgensis.
1028 2438 1331 2500 l'sderburnensis.
1358 2439 1425 2494 ble.

168 2534 294 2593 tensis.
343 2533 617 2595 Wormsciensis‚
674 2533 880 2594 Leodiensis.
932 2534 1182 2593 Treiectensis‚
1230 2535 1423 2593 l'erdensis.

169 2628 458 2686 llildecsemensis
476 2635 509 2685 et
529 2630 819 2698 Merseburgonsis
837 2631 1027 2702 episcopib.
1068 2632 1185 2702 loquo
1208 2631 1355 2686 concilio
1373 2652 1425 2687 or·

168 2726 316 2782 dirrutum
337 2729 402 2782 tuit
432 2728 519 2782 iuter
547 2733 676 2787 cetere.
697 2726 781 2796 quod
810 2733 886 2797 post
914 2728 1037 2782 obitum
1058 2729 1243 2783 cuiuslibet
1261 2731 1423 2800 principis

167 2842 227 2880 eeu
246 2827 394 2896 episcopi
424 2825 543 2880 ibidem
572 2823 757 2879 existentis
784 2824 931 2892 quilibet
959 2826 1140 2895 spiscopus
1167 2832 1340 2896 superstes
1366 2844 1424 2896 per

167 2923 284 2993 triginte
309 2923 368 2978 dies
386 2916 531 2998 qualibet
559 2915 622 2991 die,
656 2922 706 2975 nisi
739 2920 905 2976 infirmitate
943 2923 1139 2993 impediretur.
1172 2923 1283 2977 missurn
1317 2941 1364 2994 pro
1383 2923 1425 2976 de·

169 3031 264 3085 teneto
282 3029 410 3085 diceret
437 3036 470 3085 et
497 3035 634 3085 trecentos
653 3045 785 3098 pauperes
804 3036 950 3098 posceret
970 3048 1005 3083 uc
1030 3023 1165 3087 lolitlbtn
1201 3030 1326 3084 deusrios
1345 3047 1424 3100 psu-

169 3139 306 3210 peribus
333 3145 488 3208 ercgeret
521 3133 724 3214 tolidemque
755 3138 856 3194 luminu
875 3137 1062 3191 accenderet.
1103 3136 1169 3190 lies
1194 3143 1302 3190 sutem
1322 3142 1354 3191 et
1374 3155 1424 3190 re·

168 3236 247 3305 gius
266 3235 340 3290 mille
359 3237 522 3306 quingentos
540 3254 673 3307 peuperes
693 3241 860 3307 poscerent
888 3242 915 3288 et
934 3234 1046 3287 totidem
1066 3234 1191 3287 denarios
1220 3251 1280 3304 peu
1287 3233 1423 3304 peribus

167 3346 357 3409 engersntc
394 3340 426 3401 et
456 3336 555 3400 duces
590 3336 737 3400 similiter
766 3338 917 3403 laeerent.
952 3333 1085 3414 quilibet
1118 3332 1297 3397 secuudum
1323 3332 1423 3397 fecul-

168 3452 271 3514 tntem
296 3450 425 3531 sumt)
429 3496 1424 3514 ..............

101 3700 149 3739 ιι
275 3688 366 3741 Anno
394 3685 521 3740 llomiui
554 3687 634 3741 1018
663 3687 791 3757 imperii
821 3685 954 3739 ilenrici
992 3702 1076 3737 enno
1112 3689 1229 3753 quarto
1253 3682 1330 3737 xvii
1350 3682 1614 3793 “⁸¹‘i‘s'iiiii'iii‘

168 3785 296 3856 Aprilis
315 3783 553 3854 megnssynodus
572 3784 601 3838 ot
621 3785 647 3838 iu
667 3783 833 3852 Numegben.
863 3782 915 3836 ubi
946 3781 1110 3835 Henricus
1139 3782 1321 3850 imperstor
1349 3780 1418 3834 tuit
1458 3793 1570 3839 uersis.
1598 3773 1604 3784 ’

169 3897 318 3953 presens.
338 3884 370 3934 et
389 3880 421 3935 iu
439 3879 550 3935 eedem
569 3881 758 3951 perspectis
782 3877 1058 3935 ssoremeuteriis
1086 3878 1236 3947 entiquis
1255 3881 1421 3932 stetutom

167 3979 249 4041 luit,
279 3983 311 4032 ut
337 3995 436 4049 eorpus
463 3977 631 4033 Dominicum
660 3978 693 4031 ud
721 3978 859 4032 sinistrum
888 3982 916 4030 et
943 3975 1016 4029 celis
1042 3973 1076 4028 sd
1104 3974 1243 4029 dexterum
1272 3973 1421 4028 sucerdotis

256 4180 272 4210 ⁸
292 4166 411 4222 Ciriboni
437 4187 485 4219 roes
506 4172 629 4235 spnltrrrr·
650 4168 733 4219 lliend
753 4170 779 4217 in
803 4164 909 4218 tritoni
930 4166 1081 4217 rrrlrensert.
1104 4162 1162 4217 Per.
1236 4160 1251 4201 b
1271 4166 1341 4214 ‹leeee
1362 4161 1421 4216 Per.

166 4268 180 4297 ⁶
202 4255 370 4325 totidemque
391 4285 421 4292 -
443 4259 586 4322 erogarent
605 4257 674 4305 uren
694 4256 778 4316 Cass„
802 4255 897 4317 jerlocb
928 4262 1007 4305 senten
1036 4272 1082 4303 rou
1103 4254 1220 4302 armiron-
1241 4253 1324 4304 Huml
1344 4251 1423 4301 nescir·

165 4352 303 4412 pampro.

260 4540 279 4602 ¹)
298 4540 419 4596 Ambusti.
459 4570 491 4578 -
529 4541 549 4599 ‘t
588 4542 673 4607 l'erpl.
706 4541 811 4592 ti'nrm
850 4538 970 4604 ,lerspobr
996 4539 1042 4587 des
1074 4536 1211 4588 'I'ba'etruor
1239 4540 1265 4586 N.
1290 4540 1346 4587 m.
1390 4566 1418 4572 ·-

166 4629 189 4699 ¹)
214 4630 304 4697 l'eepl.
322 4631 366 4683 die
383 4631 582 4685 ubrceiebesdeu
603 4628 728 4695 Aspoben
749 4628 788 4678 bri
811 4627 949 4679 Tleietmor
975 4626 1019 4689 l'l,
1042 4629 1081 4675 ts.
