3390 5160
776 341 803 364 ·„
844 328 876 381 72

234 483 417 547 concedens
442 484 554 557 eciam,
580 487 668 565 qnod
693 485 735 560 bi,
769 486 822 565 qui
847 489 921 566 post
946 485 1006 548 iter
1037 489 1204 566 arreptum
1238 487 1269 549 in
1305 487 1375 567 ipso
1398 504 1476 549 anno

234 599 355 661 inbiteu
380 599 520 676 legitime
547 600 789 680 impedirentur,
820 620 885 681 quo
910 600 1016 663 minus
1041 600 1082 663 ad
1108 600 1221 664 urbem
1248 601 1389 664 Rolnam
1414 619 1477 680 per·

236 713 392 788 venirent,
418 733 474 777 seu
499 715 600 777 eciam
626 715 680 795 qui
706 735 841 778 numero
866 714 990 778 dierum
1017 715 1048 777 in
1073 715 1150 795 ipsis
1175 714 1387 792 indulgenciis
1409 734 1476 777 eon·

235 829 408 910 sequendis
433 833 544 892 taxato
570 831 714 893 nondum
740 831 868 911 expleto
892 831 1096 905 decederent,
1121 829 1305 894 dnmmodo
1331 850 1404 895 rere
1427 850 1476 910 pe-

236 945 386 1016 niterent,
421 944 642 1024 indulgendas
682 946 767 1025 ipsas
801 949 1087 1025 consequerentur.
1144 945 1204 1008 Hic
1238 946 1389 1009 Clemens
1421 946 1476 1025 pri·

48 1074 174 1124 «utetur
192 1074 221 1122 τ.)
236 1061 324 1123 ravit
347 1060 515 1122 dorninum
541 1059 714 1124 Henricum
741 1060 782 1124 dc
807 1061 1016 1140 Verneborgh
1045 1061 1327 1143 archiepiscopum
1353 1061 1477 1137 Marruu-

237 1174 351 1247 tinnm,
398 1193 457 1254 pro
491 1195 539 1247 eo,
574 1176 662 1255 quod
686 1175 754 1255 ipse
778 1175 906 1238 adhesit
931 1175 1102 1239 Lodewico
1127 1176 1204 1255 regi,
1238 1180 1269 1239 et
1306 1176 1396 1240 dedit
1418 1177 1477 1257 epi·

234 1293 405 1370 scopatum
445 1290 579 1352 Gerlaco
613 1289 659 1376 de
691 1289 858 1354 Nassowe.
906 1290 970 1354 Sed
1004 1290 1172 1364 Henricus‚
1207 1291 1366 1372 quamdin
1401 1293 1478 1363 vixit,

235 1404 374 1467 obtinuit
399 1404 623 1483 episcopatum
650 1424 736 1484 papa
761 1405 872 1479 invito,
907 1404 1061 1468 Gerlacus
1089 1425 1167 1469 vero
1200 1406 1382 1487 spiritualia
1414 1411 1479 1469 tan·

233 1503 304 1581 tum
344 1518 375 1580 in
414 1518 562 1599 partibus
602 1517 717 1581 Hassie
754 1519 897 1582 exercuit
940 1520 1069 1583 favente
1115 1519 1175 1583 sibi
1222 1520 1263 1584 ad
1304 1519 1366 1584 hoc.
1403 1520 1481 1585 iant·

236 1633 348 1711 gravio
372 1633 498 1697 Hassie.

343 1749 554 1812 innocencius
589 1749 639 1811 vl.
664 1749 748 1813 sedit
785 1769 889 1812 annos
923 1750 1084 1827 deeem¹t.
1133 1747 1237 1811 Huius
1274 1768 1363 1813 anno
1395 1755 1484 1812 sexto

236 1863 400 1926 Gotsridus
428 1864 469 1927 de
493 1863 587 1928 Rivo.
617 1867 724 1926 rector
757 1864 880 1944 capelle
913 1869 1025 1927 sancte
1056 1862 1225 1926 Trinitatis
1259 1863 1392 1927 ecclesie
1425 1864 1484 1928 Pa·

235 1979 465 2042 der-burnensis
489 1978 579 2053 obiit,
605 1980 659 2059 qui
684 1980 819 2042 domurn
844 1979 944 2059 ipsius
968 1978 1092 2058 capelle
1115 1978 1295 2059 ampliavit.
1353 1979 1390 2042 Et
1414 1998 1486 2042 sur·

235 2094 331 2159 cessit
355 2094 384 2157 ei
409 2091 601 2157 Withelmus
625 2093 666 2155 de
689 2093 876 2166 Wanneto;
907 2092 957 2156 bic
981 2094 1082 2157 erexit
1106 2112 1236 2156 murum
1261 2093 1380 2156 domus
1403 2094 1493 2157 eius-

234 2210 307 2272 dem
333 2208 375 2271 ab
409 2209 576 2272 occidente
609 2229 682 2272 cum
713 2209 852 2272 camino,
912 2208 948 2270 ut
979 2213 1154 2290 postquam
1189 2208 1294 2290 ipsam
1328 2207 1483 2289 capellam

201 2369 207 2380 .
235 2323 363 2387 dnobus
388 2323 482 2386 annis
506 2323 619 2398 tenuit,
645 2324 792 2398 moritur,
825 2329 856 2386 et
881 2323 1050 2387 succedit⁸¹
1083 2323 1111 2387 ei
1146 2323 1355 2387 Hermannus
1385 2322 1483 2387 nare.

235 2439 289 2519 qui
316 2417 430 2502 eodem
456 2457 544 2501 anno
568 2439 768 2518 permutavit
802 2439 906 2519 ipsam
941 2438 1097 2518 capellam
1136 2457 1196 2518 pro
1232 2437 1297 2501 atio
1331 2437 1485 2501 beneficio

235 2573 308 2615 cnm
334 2552 454 2615 Ottone
478 2552 518 2615 dc
544 2552 650 2634 Dyke;
690 2558 721 2616 et
746 2553 796 2616 bic
822 2553 900 2616 ouo
931 2554 1035 2616 tenuit
1067 2551 1227 2634 capellam
1260 2553 1356 2616 annis
1380 2554 1422 2615 zttt
1455 2556 1485 2614 et

236 2667 335 2729 erexit
371 2686 498 2729 annum
534 2668 620 2729 curie
655 2687 766 2730 versus
799 2667 1000 2731 occidentem
1044 2666 1293 2748 protendentem
1336 2688 1356 2731 a
1388 2666 1486 2729 domo

236 2781 336 2860 ipsius
368 2781 490 2862 capelle
523 2802 626 2862 nsque
660 2783 701 2845 ad
736 2783 859 2844 curiam
892 2781 1120 2861 Sterenbergb.
1169 2781 1209 2844 Et
1241 2801 1357 2845 omnes
1388 2800 1486 2862 supra

236 2895 312 2958 dicti
338 2900 479 2959 rectores
504 2897 604 2977 ipsius
632 2897 755 2977 capelle
788 2896 983 2960 alletoritate
1016 2896 1180 2961 ordinaria
1213 2897 1380 2960 consecuti
1412 2899 1486 2959 sunt

236 3031 319 3073 eam.
368 3011 426 3073 Hic
452 3011 663 3075 innocencius
686 3032 773 3074 anno
798 3013 1007 3092 pontificatus
1031 3012 1079 3074 sui
1104 3011 1218 3075 ultimo
1241 3011 1384 3092 providit
1400 3010 1487 3074 Hen-

36 3142 173 3185 tisinum
186 3145 226 3184 nr
237 3126 302 3187 rico
326 3125 441 3205 Spepet
477 3126 587 3189 atrbati
624 3127 811 3190 monasterii
842 3126 1027 3190 (turbiensis
1060 3125 1101 3189 de
1133 3124 1269 3190 ecclesia
1303 3124 1487 3190 Paderbur·

237 3238 376 3320 ncnsi2).
425 3240 462 3302 Et
496 3240 547 3304 tric
582 3240 741 3304 chricus
773 3241 831 3304 suit
856 3241 980 3322 primus
1005 3240 1176 3321 episcopus
1195 3239 1486 3306 paderburnensis.

236 3354 285 3415 cui
311 3374 368 3434 per
392 3356 502 3418 sedem
528 3356 741 3436 apostoticam
767 3357 825 3418 t'uit
855 3357 1031 3436 provisum.
1081 3355 1119 3418 nt
1138 3355 1277 3418 cessavit
1295 3355 1487 3419 exercicium

236 3469 428 3549 pontiticaiis
466 3472 561 3533 otticii
601 3471 744 3550 episcopi
782 3470 1061 3534 Pacierburnensis
1099 3488 1202 3550 usque
1241 3469 1273 3532 in
1302 3475 1487 3550 presentem

236 3584 333 3658 diem,
367 3585 520 3664 qrroniam
556 3606 614 3648 nec
648 3586 707 3647 iste
740 3605 798 3648 nec
831 3586 947 3665 alimus
977 3603 1202 3648 successorum
1235 3602 1370 3647 suorum
1395 3584 1488 3665 quid·

236 3719 335 3779 quarn
370 3700 564 3778 pontificalis
599 3701 693 3762 atticii
728 3700 800 3762 fecit
835 3701 865 3761 in
900 3701 1031 3782 propria
1056 3717 1196 3781 persona
1221 3697 1392 3780 usquead
1417 3719 1489 3781 pre·

236 3832 320 3876 sens.
368 3812 457 3875 {stet
487 3815 644 3877 Hernicus
671 3815 807 3877 rnuttum
834 3815 997 3894 rigorosus
1031 3820 1062 3879 et
1099 3833 1196 3878 verax
1229 3817 1330 3895 atque
1364 3814 1488 3879 iusticie

237 3928 360 3990 amicus
394 3928 508 4002 suerat,
543 3929 688 3991 inimicos
722 3950 798 3992 snos
832 3931 1038 3993 ccmturtnu'it
1075 3929 1229 4010 undique,
1262 3931 1415 3993 comitem
1449 3929 1488 3991 dc

237 4042 462 4115 musta-reno
493 4048 558 4105 tam
585 4045 806 4124 frequentibus
830 4046 952 4123 guerris
977 4045 1122 4122 tatiuavit
1155 4044 1254 4125 opido
1287 4045 1348 4107 snb
1382 4047 1487 4108 castro

238 4158 423 4236 ,trnsberptr
472 4162 578 4238 rapto,
626 4160 713 4239 qnod
754 4181 862 4224 comes
901 4161 968 4240 ipsc
1013 4179 1126 4240 pacem
1165 4158 1239 4222 curn
1280 4180 1319 4224 eo
1359 4162 1486 4222 tinnare

326 4376 339 4402 ¹⁸
361 4365 492 4416 successu
513 4363 572 4416 Par.
648 4363 662 4401 b
690 4365 753 4415 item
775 4364 802 4417 L.
824 4365 887 4417 tad.

328 4546 346 4600 't
385 4548 438 4594 >tu
463 4551 529 4596 1:532
550 4547 612 4597 Ite-t,
630 4553 660 4596 1Η
712 4552 777 4595 pru?
798 4549 867 4611 sept.
888 4552 925 4596 12².
992 4544 1010 4607 2)
1030 4547 1142 4595 Scitutcn
1162 4562 1224 4596 mn.
1240 4548 1263 4595 0
1284 4547 1314 4598 ΙΙ
1334 4547 1363 4597 Ν.
1383 4550 1440 4596 3.·ιό.
1460 4572 1478 4579 --

239 4633 257 4698 ’Ἰ
279 4637 415 4700 Gottsricd
437 4635 478 4685 lt'
500 4640 567 4685 1³:5⁸
582 4639 681 4684 --ruoa
