3390 5160
752 315 949 372 -208-

223 472 309 553 quod
335 471 479 553 prelatus
504 473 665 538 lohannes
689 493 775 555 papa
806 472 870 537 iam
905 475 1071 538 inmense
1104 473 1189 537 illaio
1223 475 1372 556 proxime
1404 494 1472 555 pre·

223 585 356 650 cedente
381 560 439 670 per
462 587 632 652 concilium
657 589 830 670 prelatum,
855 589 958 652 eciam
982 592 1116 670 propter
1140 587 1292 664 heresim,
1307 584 1538 680 depos-uusggt„

222 704 293 764 erat
316 722 335 766 a
360 707 493 785 papatu.
542 703 664 767 Eodem
683 707 829 784 ternpore
845 703 979 767 ecclesia
995 702 1257 781 Osnaburgeusis
1272 722 1332 783 per
1351 703 1471 784 episco-

222 835 300 896 pum
326 818 613 882 Monasteriensem
638 818 811 896 regebatur
834 819 895 882 sub
919 817 1112 881 commenda
1125 816 1161 897 ¹).

52 953 105 992 ms
119 948 176 991 ‚run
191 953 208 992 ε.
314 934 435 997 Eodem
451 955 562 998 mense
582 934 661 997 lulio
681 935 780 998 tercio
795 934 925 1014 quidem
943 935 994 997 die
1010 933 1155 998 eiusdem
1173 932 1337 997 horribilis
1351 936 1471 1014 tempe

222 1054 289 1114 slas
308 1069 406 1130 super
425 1050 586 1113 civitatem
603 1049 907 1113 paderburnensem
922 1049 1055 1127 irruitd.
1080 1048 1164 1112 Nam
1178 1047 1305 1127 grando
1320 1066 1472 1129 pregran-

221 1164 280 1240 dis,
304 1164 407 1244 glacie
431 1163 472 1227 ad
497 1164 588 1245 pedis
617 1168 649 1227 et
677 1163 816 1245 amplius
850 1163 1083 1243 longitudinem
1108 1182 1227 1241 magne
1255 1163 1471 1244 spissitudinis

221 1279 406 1356 commixta,
429 1279 577 1343 cadebat.
611 1279 705 1342 Unde
728 1283 801 1343 sata
825 1279 857 1342 in
882 1279 1007 1360 campis
1036 1283 1184 1354 vastata;
1218 1278 1318 1342 turris
1343 1278 1470 1342 maioris

222 1393 354 1457 ecclesie
372 1394 402 1456 in
423 1412 543 1471 magna
564 1397 658 1474 parte
682 1397 780 1474 atque
811 1393 881 1474 ipsa
899 1393 1033 1458 ecclesia
1050 1397 1211 1456 tectorum
1228 1393 1358 1473 tegulis
1375 1394 1419 1456 ita
1437 1397 1470 1454 ut

221 1508 416 1589 plumbumn
436 1507 543 1586 gravis
567 1506 720 1588 ponderis
751 1527 809 1588 per
832 1526 934 1571 unum
959 1507 1084 1571 miliare
1107 1508 1282 1572 veheretur
1304 1527 1365 1589 per
1386 1515 1469 1574 aera.

221 1643 259 1686 ac
298 1622 394 1685 turris
433 1621 565 1685 ecclesie
606 1620 763 1684 Rurensis
809 1625 878 1685 toto
916 1641 975 1686 suo
1017 1624 1103 1685 tecto
1150 1621 1276 1686 nudula
1325 1622 1469 1689 luenml:

220 1736 393 1818 pluresque
417 1736 535 1799 domus
558 1735 703 1799 funditus
728 1756 839 1801 everse
872 1740 903 1801 et
938 1736 1002 1800 lere
1034 1756 1148 1800 omnes
1176 1736 1342 1818 perforate
1367 1737 1467 1800 celin

221 1853 313 1914 tectis
336 1852 566 1932 danrpuificate
590 1853 729 1915 luerunt.
772 1851 838 1915 Nec
863 1854 972 1916 tamen
1007 1851 1038 1914 in
1072 1855 1163 1916 tanta
1195 1855 1392 1934 tempestate
1414 1851 1468 1915 ali·

220 1966 293 2047 quis
325 1968 473 2030 mortuus
511 1967 661 2029 inventus
694 1971 752 2042 est,
791 1966 867 2047 quia
900 1966 1046 2029 nondum
1080 1965 1227 2030 Satbane
1260 1966 1340 2029 data
1369 1971 1416 2029 est
1439 1966 1467 2028 in

220 2100 318 2144 carne
340 2084 496 2162 potestas,
544 2081 582 2143 Et
607 2101 680 2144 cum
706 2080 797 2143 multi
822 2080 863 2144 de
882 2080 1004 2162 populo
1033 2100 1072 2144 ex
1108 2080 1169 2144 hoc
1193 2080 1275 2144 moti
1308 2079 1371 2145 boc
1402 2100 1468 2144 esse

221 2196 360 2261 vimlicte
375 2197 482 2259 divine
502 2197 656 2259 iudicium
673 2195 828 2271 dicerent,
853 2193 945 2277 quab
965 2195 1108 2276 peccatis
1131 2214 1244 2259 eorum
1269 2197 1467 2276 exigentibus

221 2311 306 2375 Deus
340 2311 417 2392 ipsis
451 2311 684 2374 innotesceret:
720 2330 761 2374 ne
794 2314 1034 2375 reverterentur
1060 2330 1080 2374 a
1106 2310 1157 2374 ria
1180 2329 1240 2374 sua
1264 2330 1378 2392 prava,
1400 2311 1467 2392 qui·

221 2425 297 2488 dam
331 2424 501 2506 presbyter
537 2425 568 2487 in
602 2443 752 2489 sermone
784 2425 913 2506 publico
945 2425 1133 2489 consolatus
1165 2429 1215 2489 est
1246 2445 1304 2488 eos
1342 2425 1465 2490 dicens:

222 2557 429 2622 nequaquam
456 2559 526 2603 esse
550 2539 689 2602 vindicte
713 2539 905 2619 cuiusquam
930 2539 1069 2617 signum,
1098 2539 1156 2603 sed
1179 2540 1376 2621 operacione
1406 2539 1466 2603 ele·

102 2673 158 2717 auu
174 2677 207 2719 aa.
223 2656 407 2717 mentorum
433 2653 572 2717 naturali
598 2655 665 2717 lore
689 2653 895 2735 productum.
944 2654 1067 2718 Deinde
1101 2653 1255 2720 vicesima
1287 2655 1389 2720 tercia
1419 2653 1465 2716 die

221 2768 365 2833 eiusdem
400 2767 519 2832 mensis
553 2769 649 2832 turris
678 2769 811 2832 ecclesie
834 2769 938 2832 sancti
970 2768 1123 2832 Iohannis
1156 2768 1298 2851 baptiste
1322 2769 1354 2832 in
1387 2786 1465 2833 noro

221 2883 319 2964 opido
346 2882 549 2960 Wartberglr‚
574 2882 707 2946 lulmine
731 2883 791 2945 sub
815 2883 967 2964 pinaculo
991 2886 1118 2959 tacta⁰‚
1146 2882 1301 2947 deorsum
1325 2884 1368 2948 ad
1391 2902 1466 2965 qnia·

220 2996 370 3075 draginta
394 2998 494 3078 pedes
518 2998 549 3061 in
574 2997 705 3076 longum
730 3002 778 3060 est
802 2998 983 3073 combusta,
1017 2997 1108 3061 cuius
1130 3016 1208 3079 pars
1235 2997 1369 3062 interior
1398 3017 1464 3061 rum

220 3111 363 3176 maximo
387 3111 499 3174 labore
523 3110 582 3174 luit
605 3117 807 3176 conservata.

46 3253 206 3308 &pamm
328 3226 362 3288 ln
394 3245 506 3290 mense
538 3227 722 3307 Septembri
755 3231 911 3308 sequente
944 3227 1096 3290 domiuus
1124 3225 1320 3290 Wilbelmus
1353 3226 1465 3290 electus

219 3341 260 3403 de
284 3339 431 3422 partibus
455 3340 561 3403 Rheni
587 3338 783 3404 r·evertitur¹¹
805 3345 837 3404 et
861 3342 1048 3405 convocatis
1080 3340 1193 3404 amicis
1225 3341 1294 3404 suis
1316 3340 1463 3406 diocesim

220 3454 522 3518 paderburnensem
557 3475 655 3519 marm
691 3456 762 3519 lorti
798 3457 918 3520 intrare
951 3456 1104 3537 disponit.
1161 3454 1257 3520 Unde
1293 3453 1464 3521 adversarii

219 3569 267 3631 sui
298 3569 472 3650 plurimum
500 3570 718 3650 trepidabant.
752 3571 808 3634 sed
842 3570 894 3634 die
926 3574 1049 3635 statuta
1079 3569 1229 3634 veniente
1261 3568 1464 3634 Bernhanlus

220 3688 251 3748 ct
287 3684 446 3748 ilenricus
482 3685 581 3748 duces
616 3685 867 3748 tlrunsriceuses
901 3689 934 3748 et
966 3684 1126 3748 exercitus
1159 3683 1333 3764 lantgravii
1357 3682 1464 3748 llassic

220 3799 307 3862 iuxla
333 3799 517 3862 corulietum
543 3820 606 3862 non
632 3804 801 3876 venerunt,
826 3819 928 3880 quare
951 3799 1109 3881 protectio
1133 3799 1186 3864 illa
1206 3798 1392 3863 intermissa
1410 3801 1463 3865 cst.

220 3918 248 3976 el
275 3914 451 3977 adversarii
477 3915 545 3978 eius
570 3936 607 3978 ex
632 3915 693 3978 boc
718 3919 790 3977 sunt
817 3915 951 3977 nimium
976 3913 1145 3977 consolati.

310 4115 324 4141 ¹²
346 4101 488 4172 plurimum
504 4103 624 4168 (Druck).
663 4101 678 4141 Ι»
698 4120 777 4171 quam
798 4102 826 4154 b.
844 4102 908 4156 l’ad.
946 4107 1055 4155 ctectu
1074 4101 1134 4156 Par.
1171 4099 1392 4155 drovmuaet
1409 4098 1462 4153 ru.

311 4285 330 4351 ¹)
351 4287 484 4338 Nurhdrm
517 4285 647 4337 Heinrich
678 4303 725 4335 ron
754 4285 876 4336 llolelrin
906 4285 960 4348 circs
984 4284 1035 4334 dria
1064 4282 1254 4336 Ombriteker
1282 4283 1389 4336 Beuum
1415 4295 1462 4332 m·

219 4375 313 4425 :irbtcl
332 4375 403 4425 bum
422 4380 451 4427 (l
460 4378 529 4433 llll),
551 4375 641 4424 eemulr
660 4375 704 4422 die
726 4373 838 4437 letnoaep
857 4372 990 4423 ‹lemelbrn
1010 4373 1067 4422 dem
1085 4369 1199 4436 Biccbof
1210 4370 1271 4423 Otto
1284 4388 1334 4423 m
1347 4371 1462 4424 Nitmr

219 4462 385 4529 tiberlruycn.
425 4463 511 4527 l'cryl.
534 4464 636 4513 b'rluu'u
660 4463 801 4524 Erlnumn,
821 4459 934 4511 Cruuiea
952 4458 1011 4511 aive
1029 4456 1171 4525 cablogln
1185 4455 1374 4528 opiscoporum
1384 4456 1461 4511 011·

219 4548 392 4618 burgensium
416 4549 458 4602 ed.
480 4552 514 4601 li.
539 4552 625 4614 Forat,
657 4550 844 4599 (imminuet-o·
872 4548 1130 4614 ‹lesclrirhtupuellen
1154 4548 1171 4599 1
1194 4550 1272 4610 18⁹1,
1295 4548 1323 4601 S.
1348 4550 1406 4600 m.
1440 4569 1458 4579 -

224 4638 243 4703 ²)
264 4641 356 4691 Daren
379 4642 412 4689 iu
434 4641 460 4689 in
481 4640 541 4689 drci
564 4638 646 4688 tul-ta
666 4638 713 4687 dea
736 4638 836 4688 litteral.
857 4638 952 4699 Sint„
977 4636 1071 4688 Far-u.
1090 4634 1157 4688 Poll.
1179 4636 1256 4701 1852,
1274 4634 1321 4687 (lde
1336 4633 1415 4689 lde.
