3390 5160
744 305 940 359 -224-

214 464 328 528 cordes
352 462 493 539 ellectist,
528 462 693 541 elegerunt
726 461 895 524 dominum
929 459 1100 523 Oddonem
1134 460 1174 525 de
1198 458 1384 541 Columpna
1406 480 1461 523 no·

213 579 313 642 bilem
340 578 527 640 llomarmm
552 576 761 651 cardinalem,
786 575 841 657 qui
865 576 905 638 de
929 575 1119 640 obediencia
1148 575 1272 639 Urbani
1305 576 1387 639 sexti
1410 576 1461 640 de·

215 693 396 768 scendcrat‚
422 696 452 755 ct
476 691 659 772 appellatus
683 695 732 754 est
756 690 914 754 Martinus
938 690 1081 769 quintus
1127 688 1251 754 Eodem
1270 690 1393 771 quippe
1415 690 1462 753 dic

214 809 330 871 festum
361 806 448 869 beati
480 804 607 870 Martini
641 804 783 885 episcopi
816 804 989 868 celebravit
1020 802 1164 868 ccclesia.
1213 803 1252 867 nt
1286 804 1318 867 in
1351 808 1462 868 octava

214 922 317 985 sancti
342 921 470 984 Martini
494 923 669 985 coronatus
694 922 751 982 est.
800 917 895 996 Quod
919 922 1029 982 autern
1063 918 1095 980 in
1123 936 1244 999 papam
1273 917 1396 983 electra
1417 924 1462 981 cst

215 1037 276 1111 ille,
301 1031 382 1116 quil
403 1035 445 1097 dc
469 1032 602 1112 collegio
627 1032 838 1096 cardinalium
872 1032 1060 1096 obediencie
1083 1031 1207 1095 Urbani
1240 1051 1328 1114 pape
1360 1033 1461 1096 sexti‘

215 1148 391 1223 descendit,
412 1147 551 1227 Spiritus
574 1151 716 1222 sanctus,
741 1150 777 1208 ut
800 1165 820 1209 o
844 1146 1006 1210 revolaret
1029 1145 1072 1210 ad
1095 1149 1162 1224 ab,
1186 1146 1333 1228 quodam
1358 1148 1463 1210 miste·

215 1264 263 1347 rio
274 1261 288 1300 ¹¹
309 1262 463 1342 singulari
489 1262 590 1340 egisse
614 1261 822 1341 presumitur,
858 1279 931 1324 cum
956 1261 988 1323 id
1017 1259 1106 1341 quod
1129 1259 1219 1340 prius
1251 1261 1311 1337 ira,
1344 1261 1461 1329 odium.

216 1377 335 1441 invidia
360 1379 392 1440 ct
415 1376 610 1456 protervitas
633 1379 666 1438 et
689 1375 828 1438 ultimo⁰
850 1374 985 1438 dubium
1010 1374 1085 1439 lacti
1118 1374 1275 1456 temporis
1307 1375 1461 1439 diuturni·

216 1495 284 1556 tate
317 1490 487 1553 subortum
520 1490 561 1554 de
594 1494 735 1570 papatus
768 1489 853 1553 iusta
887 1490 1093 1571 possessione
1125 1488 1265 1554 discerni
1294 1509 1361 1554 non
1385 1490 1462 1553 sire·

216 1609 290 1669 rant
303 1600 327 1681 s,
360 1604 421 1669 boc
455 1604 519 1667 iam
552 1604 657 1666 tocius
690 1603 802 1666 mundi
830 1623 1009 1667 consensus
1032 1603 1230 1685 implicitasss
1251 1604 1284 1667 in
1317 1603 1463 1668 cordibus

216 1719 386 1783 veritatem
411 1722 444 1782 et
468 1718 626 1783 iusticiam
651 1718 854 1798 diligenciam
880 1718 1078 1784 scintillaret.
1125 1718 1177 1783 Sic
1208 1719 1314 1783 eciam
1347 1720 1462 1798 Grego-

217 1835 283 1898 rius
307 1852 364 1897 seu
387 1833 532 1911 Angelus
555 1833 596 1896 de
619 1833 770 1897 Carrario
794 1832 999 1914 supradictus
1030 1829 1089 1896 in¹¹
1110 1833 1348 1915 procuratorio,
1380 1832 1461 1914 quod

218 1948 337 2012 Karolo
362 1947 402 2009 de
426 1946 605 2010 Malatestis
629 1967 727 2029 super
749 1948 998 2011 renunciacione
1022 1951 1164 2029 papatus
1187 1947 1337 2023 dederat,
1370 1966 1462 2011 cona·

218 2063 314 2125 batur
337 2061 511 2138 insinuare,
536 2061 623 2141 quod
649 2061 697 2125 ius
721 2065 861 2143 papatus
890 2062 923 2125 in
955 2082 990 2126 se
1022 2083 1042 2127 a
1073 2065 1186 2127 sancte
1218 2063 1376 2126 memorie
1407 2061 1462 2125 Ur·

217 2178 304 2240 bano
328 2179 420 2240 sexto
444 2195 502 2256 per
526 2175 714 2240 electionem
739 2176 863 2255 collegii
887 2176 1101 2241 cardinalium
1124 2176 1167 2241 ab
1192 2176 1310 2241 eodem
1334 2175 1462 2241 descen·

217 2291 323 2355 dentis
346 2289 540 2354 translatum
565 2309 639 2354 vere
664 2290 821 2373 luissettl.

324 2404 370 2467 Eo
395 2408 552 2484 tempore,
577 2424 642 2484 quo
667 2404 835 2468 concilium
863 2405 947 2468 istud
981 2404 1176 2470 Constancie
1208 2405 1379 2484 agebatur,
1409 2404 1461 2467 ab

217 2519 320 2593 bateS,
345 2519 469 2600 priores
493 2523 524 2582 et
548 2519 664 2600 prelati
688 2519 784 2583 ceteri
809 2518 931 2583 ordinis
955 2519 1059 2582 sancti
1082 2519 1249 2585 Benedicti
1272 2518 1314 2584 de
1337 2520 1461 2602 provin·

216 2633 267 2696 cia
291 2632 478 2711 llaguntina
503 2632 623 2696 ibidem
656 2633 841 2710 existentes,
872 2633 1119 2715 perpendentes,
1152 2636 1315 2714 quantum
1348 2632 1463 2697 ordinis

217 2746 266 2809 sui
291 2746 402 2826 religio
426 2766 484 2828 per
507 2747 626 2810 dictam
652 2747 863 2827 provinciam,
899 2747 931 2811 in
955 2748 1055 2829 ipsius
1078 2746 1201 2812 ordinis
1233 2752 1267 2812 et
1289 2748 1395 2813 tocius
1416 2767 1463 2811 ec·

218 2859 313 2924 clesie
336 2861 537 2936 scandalum,
563 2861 736 2924 mundanis
766 2860 922 2924 illecebris
946 2863 1104 2927 offuscata
1128 2881 1148 2925 a
1171 2862 1313 2944 regulari
1337 2882 1396 2927 sua
1409 2862 1463 2925 ob

218 2973 386 3038 servancia
412 2975 599 3039 indecenter
627 2976 783 3051 deviaret,
817 2979 849 3038 et
877 2979 1001 3056 quanto
1035 2975 1188 3040 dominus
1219 2994 1277 3040 rex
1309 2996 1388 3057 erga
1418 2995 1463 3039 re·

218 3089 449 3152 lormacionem
474 3093 579 3153 status
602 3089 808 3153 ecclesiastici
834 3089 1015 3154 ducebatur
1037 3088 1166 3167 aflectu,
1198 3091 1386 3171 generalem
1418 3110 1464 3155 re

218 3202 450 3266 sonnacionem
475 3204 667 3267 universalis
690 3203 822 3268 ecclesie
846 3204 878 3266 in
902 3203 964 3269 boc
986 3205 1156 3285 prevenire
1177 3205 1358 3286 cupientes,
1389 3224 1463 3269 con·

218 3317 444 3394 enataverunt,
489 3319 576 3399 quod
615 3319 725 3381 omnia
762 3323 795 3381 et
834 3319 960 3397 singula
998 3319 1198 3385 monasteria
1234 3318 1314 3384 dicti
1350 3319 1467 3383 ordinis

218 3401 276 3512 per
299 3432 459 3512 prolatam
485 3433 684 3512 provinciam
709 3434 885 3497 constituta
920 3433 1065 3514 regulam
1089 3433 1194 3500 sancti
1217 3433 1386 3499 Benedidi
1412 3432 1525 3533 petz*-

218 3544 328 3608 onmia
351 3565 482 3611 servare
506 3547 672 3623 deberent,
706 3552 737 3611 ct
761 3547 803 3610 ad
827 3547 891 3611 boc
922 3547 1186 3629 prosequendum
1218 3552 1252 3612 et
1283 3545 1464 3613 execucioui

219 3659 361 3739 plenarie
385 3659 650 3725 deruamlamlnm
687 3661 746 3724 viri
780 3660 886 3724 idonci
921 3681 980 3742 per
1012 3662 1115 3743 ipsam
1149 3661 1353 3743 provinciam
1386 3659 1465 3725 mitti

308 3850 322 3878 ¹¹
343 3839 465 3891 concordi
486 3841 582 3892 ellectu
603 3840 663 3894 l'ar.
710 3839 725 3877 b
744 3843 814 3891 derat
835 3840 894 3893 l'ar.
941 3839 1078 3894 0Urbani
1102 3840 1174 3894 sexti
1193 3856 1263 3910 pepo
1282 3839 1345 3897 Par.
1389 3839 1466 3893 dat

219 3928 302 3981 sterio
320 3927 385 3981 Pud.
458 3928 559 3981 0ulti0
578 3928 698 3993 lllruclr).
772 3926 784 3967 ¹¹
809 3929 946 3982 sciverant
973 3927 1038 3982 ran.
1125 3926 1324 3999 adaptiones
1350 3926 1465 3993 (Druck).

219 4013 236 4057 ¹¹
256 4019 326 4068 cler-vt
347 4016 406 4069 l'ar.

312 4172 329 4234 ¹)
357 4173 432 4221 tl'obl
452 4173 517 4222 mre-li
537 4170 694 4233 Tertulliau,
714 4171 759 4226 lib.
779 4171 811 4224 do
831 4171 1002 4239 monogamia
1020 4172 1115 4242 capla
1145 4173 1245 4241 utque,
1264 4170 1368 4229 Petrei
1386 4168 1465 4227 lntll

221 4262 249 4313 S.
269 4265 336 4313 9⁸5:
362 4260 400 4312 uti
420 4259 643 4328 quemadmodum
662 4283 678 4310 n
707 4259 740 4312 ad
761 4282 782 4310 ω
812 4276 897 4328 usque
916 4259 1034 4313 volvitur
1062 4264 1090 4313 ot
1116 4274 1211 4314 ruram
1228 4280 1253 4313 ω
1272 4259 1309 4315 td
1326 4282 1345 4315 n
1363 4260 1467 4331 reptio·

219 4352 272 4413 tur,
291 4349 329 4401 ita
348 4348 503 4401 ostenderet
521 4348 547 4400 in
567 4366 596 4400 ue
615 4368 674 4401 esse
690 4352 717 4402 et
737 4349 805 4401 initii
825 4348 967 4402 decursum
996 4348 1030 4402 ad
1049 4348 1129 4403 linem
1148 4351 1178 4403 et
1195 4348 1260 4405 ssot·
1277 4366 1420 4405 ruem
1435 4346 1467 4403 nd

219 4437 337 4489 inicium.
382 4439 469 4502 t'evpl.
490 4435 560 4489 loan.
581 4453 654 4504 apoc.
673 4437 691 4497 l,
711 4438 727 4483 tl
749 4439 804 4488 aeut
819 4436 905 4500 Xllll,
923 4435 962 4491 121.
991 4468 1012 4473 --
1036 4436 1056 4499 'l
1077 4437 1107 4491 N.
1126 4438 1221 4492 Hunni
1238 4436 1469 4493 nonnul

220 4528 247 4578 S.
268 4532 319 4577 7.·13
328 4545 337 4577 :
364 4523 490 4594 quamvis
518 4523 594 4576 nobis
613 4524 714 4576 clarum
734 4524 771 4576 sit
789 4528 845 4576 tam
864 4542 898 4576 ox
917 4523 997 4577 titulo
1015 4528 1127 4578 sancho
1145 4524 1294 4581 mernodu
1313 4522 1416 4581 Urbni
1433 4521 1467 4577 Vl

220 4612 436 4684 praedecessoris
456 4612 540 4664 nostri
560 4614 587 4664 et
606 4612 736 4665 canonica
754 4616 848 4664 nostra
866 4611 1004 4665 electione.
