3390 5160
690 331 881 389 -207-.

147 486 388 556 bectrtenoa'en
409 495 441 555 ct
471 491 696 569 Cleuenbergb
729 490 834 555 tenuit
867 492 899 553 et
923 489 955 553 in
985 488 1194 572 Reynlrerum
1220 486 1262 552 de
1286 487 1396 571 Lippe,

144 603 201 687 qui
223 603 358 686 opidum
383 602 567 671 Stenbem¹’
587 625 662 670 cum
686 625 746 671 suo
770 608 877 671 castro
901 604 1044 668 tenebat.
1101 602 1253 668 Castrum
1286 603 1397 685 itaque

144 718 302 784 Stenhem
327 739 401 784 cum
425 720 524 803 opido
557 721 696 786 adversa
728 740 804 802 pars
837 717 1009 784 obsidione
1041 716 1235 782 concludere
1268 717 1397 795 satagit,

144 832 203 899 scd
226 834 307 899 satis
331 835 466 916 vastatis
490 835 670 918 inrumpis
694 835 897 899 obsidionem
921 833 1051 897 solvens
1084 831 1227 898 secunda
1262 832 1314 897 dic
1347 851 1398 896 re·

145 948 252 1013 cessit.
299 947 421 1013 Deinde
444 950 560 1031 prelati
584 950 684 1032 ipsius
708 949 800 1014 electi
824 949 943 1012 inimici
980 947 1114 1030 opidum
1145 946 1368 1028 Cleneubergb
1384 958 1398 983 ⁰

145 1061 362 1144 opidanorum
405 1063 550 1128 eiusdem
590 1065 768 1130 tradicione
810 1068 976 1145 ceperunt.
1031 1062 1096 1128 Sed
1136 1062 1325 1128 fredericus
1357 1063 1399 1127 de

147 1174 334 1257 Ilriborglr‘¹
360 1196 434 1242 curu
458 1179 524 1242 suis
548 1179 589 1244 de
612 1178 711 1262 opido
736 1178 950 1243 Leclrteuowe
974 1197 1164 1260 progressus
1196 1181 1310 1242 contra
1342 1198 1399 1243 eos

146 1288 267 1355 bellum
301 1291 480 1365 instaurat;
513 1293 754 1375 commissoque
787 1294 888 1375 prelio
926 1312 1079 1375 crrnrpum
1113 1291 1254 1357 obtinuit
1286 1296 1319 1357 et
1347 1312 1399 1357 re·

147 1404 225 1470 teris
248 1404 358 1485 lugam
382 1406 587 1488 rapientibus
610 1408 819 1473 notabiliores
843 1427 882 1472 cx
907 1407 953 1471 eis
986 1407 1194 1489 septuaginta
1227 1408 1312 1489 cepit
1345 1427 1398 1472 ar·

149 1522 268 1596 matos,
291 1539 375 1601 quos
398 1540 471 1585 curn
498 1522 608 1600 viginti
633 1542 745 1587 corum
771 1522 983 1588 familiaribus
1007 1523 1109 1587 eciam
1130 1522 1233 1604 captis
1253 1521 1398 1588 abduxit.

147 1632 357 1716 Quapropter
380 1634 443 1715 liga
467 1635 613 1717 predicta
638 1637 733 1701 nimis
756 1637 952 1701 exacerbata
987 1637 1018 1700 in
1052 1656 1153 1701 unum
1187 1656 1224 1701 se
1246 1637 1400 1715 colligens

148 1747 283 1830 opidum
308 1748 524 1815 Leelrtenowe
546 1751 717 1816 obsidione
740 1752 904 1816 concludit
919 1752 951 1833 ¹),
985 1751 1074 1833 qnod
1099 1752 1198 1817 tercio
1222 1751 1400 1816 obsidionis

148 1861 265 1928 diedo
288 1883 450 1929 consensu
474 1865 575 1930 dicti·
599 1866 769 1944 frederici,
803 1866 900 1931 rebus
933 1866 999 1930 suis
1032 1871 1064 1932 ct
1096 1886 1230 1931 suorum
1265 1887 1303 1931 ue
1327 1887 1400 1949 per·

149 1977 237 2041 sonis
261 1976 368 2052 salvis,
393 1979 550 2044 traditum
575 1984 634 2056 est,
659 1999 724 2046 uon
749 1981 956 2046 obstantibus
980 1981 1075 2045 certis
1099 1981 1199 2045 literis
1229 1982 1289 2063 ipsi
1325 1981 1401 2045 Fre·

149 2090 258 2155 derico
281 2091 323 2155 ab
348 2092 502 2175 episcopo
527 2094 787 2160 Puderbumensi
821 2099 854 2159 et
885 2095 1029 2177 capitulo
1061 2095 1223 2159 concessis
1257 2096 1287 2160 iu
1323 2115 1401 2161 cou-

150 2205 285 2269 trarium
319 2206 551 2271 tendentibuss
584 2210 765 2274 manifeste.
822 2209 945 2274 Deinde
982 2210 1068 2274 cives
1100 2209 1398 2285 Parterburncnses,

150 2322 246 2383 nocte
268 2319 412 2400 qrradam
438 2323 644 2404 temptabant
668 2325 846 2405 pervadere
869 2327 1012 2388 castrum
1039 2323 1167 2388 Novum
1201 2324 1250 2388 rel
1284 2325 1399 2389 saltem

150 2432 311 2497 ambitum
336 2434 415 2510 eius,
440 2437 497 2501 sed
522 2437 641 2519 repulsi
665 2441 741 2502 suut
764 2458 838 2502 cum
863 2457 997 2502 suarum
1028 2437 1213 2503 discrimine
1246 2458 1402 2520 persona·

149 2564 234 2611 rum.
282 2547 319 2611 Et
344 2548 417 2615 licet
439 2551 548 2632 plures
572 2572 610 2616 ex
635 2552 681 2616 eis
705 2553 834 2617 luerunt
857 2552 983 2632 sagittis
1006 2552 1153 2630 sauciati,
1179 2557 1301 2629 laurea,
1325 2553 1401 2635 quia

150 2679 249 2726 nemo
272 2682 311 2726 ex
335 2663 381 2728 cis
405 2665 529 2743 recidit,
554 2667 706 2732 vicesima
729 2671 822 2731 sexta
846 2667 898 2731 die
923 2667 1044 2731 mensis
1066 2667 1148 2731 lunii
1172 2667 1214 2732 ad
1239 2668 1325 2733 idem
1350 2682 1588 2733 coruscamen.

149 2775 290 2841 dierunt.
337 2778 376 2843 Et
400 2780 515 2846 iterum
540 2786 615 2846 octo
639 2801 752 2848 eorum
777 2782 914 2846 mortuis
938 2787 969 2845 et
994 2782 1078 2847 ultra
1100 2782 1317 2864 quadraginta
1334 2783 1403 2847 rut·

151 2891 275 2957 necatis
298 2892 340 2956 ad
364 2894 528 2961 civitatem
554 2917 627 2962 cum
652 2896 829 2977 ignominia
854 2896 1029 2961 redierunt.

252 3013 374 3079 lindam
399 3031 510 3076 rneuse
533 3011 776 3094 quintodecimo
800 3010 853 3074 die
877 3011 1021 3075 eiusdem
1036 3010 1060 3093 ²)
1100 3011 1277 3093 capitulum
1302 3012 1404 3075 eccle·

150 3130 197 3195 sic
220 3127 499 3194 Parlerburneusis
522 3147 541 3190 a
566 3146 652 3208 prpa
677 3126 831 3202 Iohanne,
866 3125 929 3189 iam
954 3145 975 3190 a
998 3126 1133 3190 concilio
1157 3127 1404 3190 Constaneieusi

151 3243 296 3324 fugitivo,
321 3243 352 3306 in
376 3240 475 3323 opido
501 3240 697 3323 l'ryburghtt
716 3240 778 3304 sub
801 3239 942 3303 tuicione
967 3239 1127 3304 Frulerici
1158 3240 1249 3303 ‹tur-is
1273 3240 1404 3304 Aristrie

152 3357 301 3437 degente,
325 3355 494 3420 ecclesiam
518 3354 822 3419 I’aderburncnsem
854 3354 1040 3435 impetrarit
1071 3354 1317 3437 archiepiscopo
1341 3356 1354 3413 t
1359 3358 1405 3417 lo·

152 3471 299 3547 lonicosi,
332 3470 465 3534 domino
499 3469 673 3533 ll'ilbetmo
707 3469 808 3534 electo
841 3469 987 3551 predicto
1026 3469 1136 3545 inrito,
1171 3469 1404 3544 commendari,

153 3606 218 3652 non
242 3585 449 3650 obstantibus
477 3584 615 3648 decretis
648 3583 724 3646 dicti
757 3582 881 3647 concilii
916 3583 947 3646 in
982 3583 1180 3647 contrarium
1214 3583 1317 3648 iactis.
1365 3583 1402 3647 lit

157 3700 248 3765 litere
271 3699 450 3782 apostolice
474 3718 571 3781 super
591 3695 777 3761 huiusmodi
797 3697 1085 3761 eouuuendacione
1099 3695 1247 3761 conlecto
1265 3697 1404 3779 septima

154 3814 206 3879 die
229 3814 349 3878 mensis
374 3812 510 3891 Augusti
535 3813 567 3875 in
591 3812 677 3876 «licta
703 3811 964 3876 l'adcrburneusi
988 3810 1124 3875 (aeclesia
1148 3814 1223 3873 sunt
1240 3810 1403 3875 insinuate
1419 3834 1557 3885 ange-er.

154 3933 186 3992 ct
209 3947 230 3993 a
253 3927 396 4009 capitulo
420 3931 450 3988 et
475 3926 606 3990 civitate
630 3946 703 3990 rum
730 3924 850 4004 garrrlio
873 3928 950 3989 sum
979 3928 1128 4005 suscepte
1152 3944 1217 3988 non
1241 3924 1405 3999 obstante,

158 4062 272 4069 ————
296 4060 329 4067 ..-

243 4129 259 4159 ⁸
280 4115 469 4170 Lichtenourre
497 4116 599 4182 (πρᾶτον
620 4114 722 4177 lreclrt.)
743 4114 803 4168 Par.
868 4112 1050 4183 bSlapnirem
1070 4113 1358 4173 (loculamentum
1378 4112 1397 4166 1,

155 4203 395 4276 eCleyneobergb
416 4203 480 4257 Pad.
527 4203 541 4243 (Ι
564 4202 693 4257 Driborcb
714 4203 787 4265 l’ad,
817 4202 931 4270 Driborg
953 4204 1014 4258 t'ar.
1079 4216 1092 4243 ι·
1117 4205 1212 4255 noller
1241 4220 1288 4273 pro
1306 4204 1405 4255 ‹turrh-

155 4296 271 4348 driclren
291 4292 356 4349 Pari.
413 4292 425 4334 s
450 4293 593 4347 tendentes
613 4293 675 4346 l’ar.
730 4304 746 4343 κ
767 4291 884 4361 Vriburg
904 4292 965 4346 l‘ar.

243 4470 261 4535 ¹)
286 4470 374 4535 l'eryl.
403 4470 453 4519 rien
482 4464 562 4520 Liber
589 4464 787 4520 dissenciouum
819 4467 954 4518 llietrirlrs
985 4484 1032 4518 run
1063 4466 1236 4532 Enpelnlepm
1262 4468 1291 4519 Ν.
1311 4473 1335 4519 n',
1373 4492 1405 4501 -·

158 4554 177 4621 'l
203 4558 336 4610 l'retmelr
353 4575 396 4608 nm
419 4560 459 4608 1³.
481 4557 573 4623 April.
604 4556 655 4608 lue
678 4557 806 4609 rsa-unu«
833 4556 977 4621 (original
1005 4557 1039 4605 im
1070 4554 1256 4605 semmae-ctu
1276 4554 1406 4614 diducta,

161 4645 253 4699 e'em.
272 4645 340 4698 rud.
362 4647 443 4707 151⁴)
463 4645 497 4694 lat
516 4642 676 4709 ubyedrurtt
695 4643 736 4695 bei
752 4643 867 4695 Schrrtea
886 4659 949 4694 rao.
961 4645 991 4696 u.
1012 4643 1044 4695 11
1061 4641 1091 4693 δ’.
1110 4645 1163 4695 519
1179 4642 1202 4706 s.
