3390 5160
760 301 936 359 -32-

221 473 365 536 poneretur
384 471 413 522 in
433 469 541 524 missa.
576 462 614 524 El
646 461 732 527 racio
766 461 920 526 librorum
954 460 1175 541 antiquorum,
1209 460 1264 541 qul
1297 456 1386 542 apud
1420 478 1480 522 nos

222 581 307 652 sunt,
333 575 391 639 hec
417 582 483 639 est:
510 578 664 657 quoniam
691 597 766 658 pars
790 577 894 640 crucis
919 580 1037 651 erecta,
1071 575 1162 639 cuius
1186 573 1314 653 signum
1340 577 1419 637 tunc
1444 574 1478 636 ht

222 709 319 770 super
343 711 473 771 panem,
499 712 616 772 corpus
640 692 758 755 Christi
783 693 979 755 sustentavit
998 695 1031 754 et
1055 691 1133 772 qula
1153 710 1229 772 pars
1250 689 1355 754 crucis
1371 693 1480 753 trans-

224 824 315 868 versa
340 805 471 870 brachia
496 805 614 870 Christi
639 807 803 881 distendit,
836 807 951 870 merito
975 805 1067 881 calix,
1101 805 1195 887 quasi
1219 804 1413 885 sanguinem
1438 804 1480 867 de

223 919 373 983 manibus
397 920 515 983 Christi
540 925 759 1001 suscepturus,
793 921 854 984 sub
885 920 1025 984 brachiis
1059 920 1135 1001 poni
1169 919 1369 999 designatur,
1404 937 1479 981 cum

222 1053 298 1114 pars
336 1034 439 1098 crucis
477 1040 663 1098 transversa
700 1054 798 1115 super
840 1035 974 1099 calicem
1012 1035 1169 1113 signatur.
1240 1032 1350 1096 (111111η
1383 1033 1482 1111 igitur

138 1168 141 1174 ·
224 1148 309 1211 istud
334 1148 365 1211 in
390 1149 524 1212 concilio
550 1149 739 1229 provinciali
765 1152 887 1212 ettam
913 1148 1072 1229 solempni
1096 1151 1255 1212 statutum
1281 1143 1378 1221 estu,
1413 1165 1481 1210 non

222 1262 295 1326 licet
319 1263 535 1343 singularibus
559 1264 692 1344 prelatis
716 1265 858 1328 maxime
883 1263 1087 1327 interioribus
1120 1263 1280 1345 episcopis
1315 1263 1394 1326 illud
1420 1263 1482 1326 im·

224 1381 359 1440 mutare.
408 1378 578 1442 Conradus
594 1379 615 1460 ¹)
640 1383 750 1442 autem
775 1379 878 1443 abbas
903 1378 1091 1442 monasterii
1116 1381 1304 1442 sanctorum
1330 1377 1419 1441 Petri
1449 1382 1482 1440 et

223 1491 314 1554 Pauli
340 1492 618 1558 paderburnensis
642 1493 703 1556 hoc
728 1498 888 1557 statutum
913 1493 980 1557 suis
999 1492 1168 1557 monachis
1192 1492 1389 1558 mandavitc
1414 1513 1481 1557 non

222 1606 419 1670 servandum
456 1608 576 1684 volens,
610 1607 698 1689 quod
732 1609 793 1689 ipsi
826 1627 944 1690 corpus
975 1613 1052 1672 ante
1085 1608 1218 1672 calicem
1252 1610 1390 1690 ponant,
1425 1608 1483 1689 qui

222 1721 341 1803 prefuit
365 1722 470 1787 eidem
500 1724 699 1788 monasterio
733 1744 820 1788 anno
854 1724 981 1787 Domini
1021 1724 1103 1786 luca
1138 1742 1244 1804 usque
1280 1722 1323 1786 ad
1354 1742 1482 1787 annum

223 1836 351 1900 Domini
389 1839 483 1914 1105,
517 1838 571 1919 qui
600 1839 702 1903 eciam
737 1858 775 1901 ex
809 1839 915 1920 capite
948 1858 1008 1902 suo
1041 1838 1106 1903 alia
1138 1837 1283 1901 misteria
1312 1836 1484 1919 generalia

224 1951 357 2015 ecclesie
389 1951 530 2032 quedam
570 1952 764 2030 immutavit,
803 1952 952 2017 videlicet
985 1952 1077 2034 quod
1114 1972 1244 2017 cereum
1277 1951 1483 2034 paschalem.

223 2066 278 2147 qul
303 2065 466 2129 Christum
491 2067 650 2145 designat,
675 2068 758 2131 inter
781 2073 905 2149 septem
931 2067 1202 2132 carrdelabrorum
1221 2067 1345 2132 lumina
1370 2067 1484 2132 medio

224 2181 401 2246 eorundem
419 2182 600 2245 *luminum
624 2181 752 2245 sublato
777 2183 890 2247 statuit
915 2182 946 2244 in
971 2181 1071 2246 choro
1095 2182 1144 2245 sui
1170 2182 1360 2247 monasterii
1380 2181 1484 2246 collo·
1506 2205 1555 2249 os

226 2293 338 2373 caria,
364 2295 449 2359 unde
473 2296 592 2377 duplex
617 2297 749 2361 ecclesie
773 2297 952 2360 misterium
977 2317 1052 2360 eum
1076 2300 1206 2360 constat
1226 2296 1423 2361 contudisse.
1476 2349 1484 2360 .

124 2805 213 2853 †rou.
335 2790 503 2843 Conrudus
532 2791 696 2844 secundus
726 2793 755 2844 in
776 2810 892 2858 regno,
921 2791 978 2844 sed
1002 2791 1124 2860 primus
1144 2790 1202 2844 boc
1222 2792 1351 2845 nomine
1371 2792 1401 2844 in
1422 2793 1485 2845 lm-

226 2887 333 2955 perio,
365 2887 518 2952 regnavit
547 2888 642 2939 annis
673 2888 859 2955 quindecim
864 2927 1416 2942 ..........
1478 2935 1484 2945 .

30 3085 219 3131 unciarum.
335 3083 425 3133 Anno
444 3081 537 3147 regni
564 3081 613 3134 sui
635 3082 774 3149 septimo
804 3081 886 3134 lecit
914 3081 1161 3150 expedicionem
1189 3098 1258 3134 curn
1288 3080 1487 3137 difficultate
1502 3094 1552 3131 ω·

55 3189 208 3234 1111100111.
229 3178 258 3231 111
281 3177 439 3244 ngarium
465 3182 496 3230 et
524 3195 606 3230 auno
635 3183 794 3246 sequente
814 3177 1014 3240 Henricusrex,
1034 3177 1106 3230 ultus
1125 3177 1304 3247 imperatorie,
1323 3184 1352 3231 et
1369 3179 1489 3249 Stepha-

82 3244 190 3287 ἨΜ
227 3293 278 3328 nus
297 3292 345 3326 rex
367 3274 484 3341 Ungarie
504 3290 596 3342 pacem
625 3275 711 3326 inter
739 3292 771 3327 se
796 3276 946 3327 iuramento
975 3274 1135 3328 firmabunt
1182 3274 1221 3327 Et
1239 3274 1350 3328 eodem
1371 3290 1485 3330 annot·

229 3371 401 3424 Conradus
422 3371 619 3440 imperator,
649 3375 820 3439 postquem
850 3388 1004 3425 reversus
1024 3376 1074 3424 est
1102 3371 1139 3423 de
1161 3370 1322 3439 Ungerie,
1352 3373 1379 3426 in
1400 3372 1488 3427 llere

229 3468 315 3535 burgh
349 3468 518 3521 concessit
542 3467 746 3535 Meynnerco
775 3468 929 3536 episcopo
950 3467 1232 3528 Puderburuenei,
1266 3470 1320 3536 qui
1354 3487 1486 3531 secum,

229 3582 421 3633 quocunque
451 3563 651 3624 diverteret,
681 3564 853 3632 proficisci
885 3563 1028 3625 solebat,
1058 3567 1202 3617 uestrum
1223 3564 1391 3633 Petbergb
1421 3584 1486 3620 cunr

230 3661 321 3714 decem
342 3663 445 3714 mensis
459 3661 566 3714 circum
582 3665 699 3713 montem
720 3661 826 3730 ipsius
845 3662 947 3714 rastri
968 3661 1120 3714 iacentibus
1135 3678 1190 3730 pro
1203 3661 1349 3715 ecclesie
1364 3662 1486 3716 Puder-

30 3758 386 3811 v.tt·lnw.rw.b11rnensi
416 3777 498 3812 enno
519 3758 643 3811 Domini
667 3759 753 3811 10311.
793 3760 882 3811 Anno
903 3757 1028 3811 Domini
1061 3759 1138 3811 1031
1171 3758 1486 3829 Meynwercueepi-

229 3872 349 3924 scopus
368 3855 543 3908 ecclesium
563 3854 758 3907 monasterii
788 3840 977 3908 sanctorum
1008 3855 1098 3907 Petri
1125 3860 1159 3906 et
1187 3853 1281 3908 Pauli
1311 3855 1343 3909 in
1363 3855 1485 3910 Peder-

230 3951 341 4013 borne,
368 3969 459 4021 quum
481 3957 557 4004 tuno
577 3957 880 4010 consummaverat,
910 3950 1081 4003 dedicavit
1109 3949 1250 4004 secunda
1279 3950 1331 4005 die
1360 3953 1487 4005 mensis

157 4056 204 4100 1110.
231 4046 426 4100 Novembris
455 4052 487 4099 et
506 4049 606 4099 multu
627 4047 738 4115 predia
768 4047 804 4099 de
833 4051 971 4114 paterna
996 4046 1187 4101 hereditate
1215 4052 1280 4100 tam
1302 4048 1333 4101 in
1353 4048 1486 4101 diocesi

159 4154 203 4195 ut.
230 4143 457 4206 Treiectenei,
478 4142 1486 4212 01101100011111011110010100010111000101101111101110110111

230 4259 299 4294 eum
320 4241 350 4293 in
371 4241 540 4294 divisione
561 4241 737 4292 saetacum
767 4240 903 4308 quadum
932 4258 1046 4292 sorore
1075 4258 1133 4294 euu
1161 4240 1352 4294 fraudatrice
1379 4258 1486 4294 monn·

323 4341 471 4448 ¹{curaque
492 4379 518 4431 h.
569 4377 582 4413 ¹³
603 4379 638 4429 sit
660 4378 721 4430 Pud.
745 4379 771 4433 L,
820 4392 831 4416 r
855 4382 924 4430 1111111
948 4379 1009 4432 l'ud.
1032 4379 1058 4431 L.
1080 4377 1200 4444 (Dmekl.
1238 4377 1253 4418 ⁸¹
1273 4377 1407 4434 collocare
1421 4379 1484 4432 Per.

231 4479 245 4508 θ
268 4467 301 4519 Ec
332 4499 352 4504 ·-
373 4486 442 4520 unnu
462 4471 531 4519 uem
552 4467 615 4519 l'ed.

323 4617 341 4678 ¹)
364 4618 477 4668 Il'orrrud
499 4618 529 4668 ΙΙ
547 4635 593 4666 nin
615 4615 806 4667 Allenhuuaen.
