3390 5160
755 321 947 375 -118-

228 478 299 540 latis
324 477 530 552 Francieenis
558 497 643 557 pape
678 475 837 552 fidelibus,
872 497 922 552 ne,
956 478 981 539 si
1011 476 1071 541 iste
1095 477 1210 540 ultimo
1234 477 1395 558 supplicio
1418 496 1482 557 pu·

227 592 360 666 niretur,
385 591 513 668 cognati
538 596 569 654 et
594 591 688 653 amici
713 611 825 654 eorum
852 591 882 652 iu
903 609 1002 667 reguo
1022 591 1156 655 Francia
1173 593 1342 655 morantes
1362 589 1483 654 similia

227 706 334 769 laisan
360 708 559 786 paterentur,
585 725 658 767 cum
684 704 769 767 bunc
795 709 954 769 noverant
979 705 1109 786 speciali
1143 704 1228 784 regis
1262 705 1402 769 Francie
1435 705 1486 769 ia·

227 840 304 884 vore
336 821 515 894 sull'altum,
550 839 636 900 papa
667 819 801 883 consilio
835 820 975 900 desuper
1007 820 1120 883 habito
1152 819 1307 895 decrerit,
1340 823 1379 883 ut
1414 819 1487 901 ipsc

226 933 328 996 barba
364 953 457 996 rasus
485 933 668 996 iuramento
701 933 866 997 fidelitatis
899 931 958 995 sibi
983 934 1120 1014 prestito
1152 933 1303 1016 proxima
1334 933 1392 998 die
1425 934 1488 997 do-

227 1046 343 1111 minica
368 1049 525 1127 sequente
550 1046 581 1108 in
606 1046 706 1109 missa
729 1066 815 1128 pape
839 1065 990 1112 sermone
1014 1046 1106 1110 linito
1130 1045 1252 1122 omnia,
1276 1066 1341 1129 que
1366 1051 1487 1110 contra

226 1161 330 1242 ipsum
371 1161 540 1223 dominum
579 1160 748 1222 Urbanum
786 1180 906 1241 papam
945 1159 1087 1236 dixerat,
1132 1161 1260 1242 publice
1309 1166 1486 1226 revocaret

226 1294 331 1354 eaque
355 1273 539 1337 revocando
563 1274 686 1337 nullum
713 1294 825 1338 verum
851 1294 921 1338 esse
954 1294 1075 1357 papam
1109 1294 1208 1357 quarn
1234 1274 1341 1356 ipsum
1377 1275 1490 1338 domi·

224 1406 303 1450 num
329 1385 497 1449 Urbanum
523 1407 557 1451 sc
581 1388 727 1451 confiteri
761 1389 903 1452 referret.
956 1389 1165 1470 Quapropter
1196 1388 1322 1452 solutus
1356 1408 1377 1451 a
1413 1408 1490 1452 car·

227 1520 298 1564 cere
326 1504 355 1563 et
389 1500 420 1562 in
445 1501 572 1579 siguum
597 1501 793 1565 confusionis
823 1502 926 1565 barba
959 1503 1107 1583 privatus
1139 1501 1254 1566 eadem
1287 1500 1341 1565 die
1377 1501 1490 1565 dorni·

42 1634 213 1677 taurinati.
228 1615 310 1688 nica,
335 1635 399 1696 que
423 1618 493 1679 crat
518 1614 689 1679 undecima
713 1616 833 1678 mensis
857 1615 992 1697 predicti
1018 1621 1050 1679 et
1079 1616 1185 1696 prima
1208 1614 1375 1680 dominica
1393 1615 1491 1693 Qua·

226 1730 418 1808 (bagasium,
443 1728 553 1792 omnia
585 1729 744 1809 premissa
776 1733 813 1793 ut
845 1730 968 1793 dictum
1002 1733 1051 1794 est
1083 1728 1150 1793 alta
1182 1748 1262 1793 voce
1292 1728 1450 1794 recitarit
1461 1740 1489 1793 ⁸.

228 1844 266 1907 Et
299 1843 417 1907 deinde
456 1843 703 1924 dispensacione
741 1845 892 1908 vescendi
925 1844 1077 1910 carnibus
1114 1864 1134 1908 a
1175 1843 1311 1907 domino
1345 1842 1491 1908 Urbano

226 1962 378 2039 suscepta
412 1977 469 2037 per
502 1957 570 2021 dics
607 1958 731 2038 aliquot
765 1959 865 2023 laune
898 1961 1120 2022 commoratus
1158 1962 1216 2020 est.
1274 1956 1313 2021 Et
1346 1957 1490 2022 demum

227 2073 318 2153 equis
356 2076 388 2134 et
434 2071 556 2135 annulo
608 2073 668 2134 sibi
707 2072 864 2135 restitutis
907 2092 1017 2136 versus
1060 2071 1241 2147 branciam,
1282 2073 1382 2152 quasi
1425 2093 1491 2154 pro

226 2183 372 2250 unioneb
410 2185 542 2248 ecclesie
571 2185 754 2265 specialiter
792 2190 934 2260 acturus,
975 2204 1104 2265 gressus
1138 2204 1216 2249 suos
1248 2184 1291 2248 dc
1318 2204 1490 2251 consensu

226 2320 311 2381 pape
326 2299 460 2362 rcssexit.

26 2434 216 2487 (tassetan.)
339 2416 424 2475 luter
448 2413 507 2475 bec
530 2416 605 2493 post
629 2414 754 2476 obitum
774 2412 936 2477 Lodewici
971 2413 1055 2493 regis
1087 2412 1229 2493 ngarie
1242 2411 1279 2496 ¹),
1312 2414 1371 2495 qui
1405 2415 1489 2478 dum

228 2527 305 2589 vixit
338 2526 437 2590 tiliam
467 2545 560 2591 suam
597 2527 731 2591 lllariaur
765 2526 998 2605 Sigisrnuudoc
1032 2527 1098 2591 filio
1130 2526 1241 2591 Karoli
1274 2527 1492 2610 imperatoris

227 2646 258 2704 et
292 2641 375 2720 regis
408 2640 564 2703 ltolremie
597 2642 864 2721 desponsaverat,
898 2643 1037 2706 eundem
1076 2641 1324 2720 Sigismundum
1363 2641 1489 2723 regaie

228 2755 368 2834 Ungarie
388 2755 562 2834 designans
586 2755 749 2831 heredem,
776 2756 914 2820 Karalus
937 2757 979 2820 de
999 2756 1139 2821 Duracio
1155 2756 1368 2838 supradictus
1382 2776 1491 2823 causa

227 2870 432 2951 suscipiende
456 2889 576 2933 coroue
610 2870 709 2951 ipsius
743 2871 832 2951 regni
865 2870 1018 2949 ngaric,
1053 2871 1262 2952 quorundam
1296 2872 1489 2955 principum

227 2984 316 3062 regui
341 2984 443 3047 favori
468 2984 600 3059 innisus,
636 3004 749 3048 versus
774 2984 949 3064 ngariam
973 3003 1032 3066 per
1055 3004 1147 3050 ruere
1170 3006 1205 3050 se
1228 2986 1419 3068 contulit2),
1456 2993 1491 3053 et

27 3111 250 3164 ‹tasuaaaua
283 3100 392 3162 multis
429 3099 627 3180 principibus
669 3103 700 3163 et
739 3099 923 3164 civilatibus
956 3100 1056 3180 ipsius
1088 3099 1179 3179 regui
1217 3104 1393 3183 susceptus
1425 3108 1491 3167 est,

228 3214 291 3278 Sed
317 3214 392 3294 quia
423 3214 682 3277 benedictionem
708 3213 829 3276 domiui
855 3213 978 3277 Urbani
1010 3233 1103 3296 pape,
1136 3232 1203 3296 qua
1227 3212 1310 3280 alias
1342 3234 1490 3296 reguum

228 3328 334 3392 Sicilie
358 3328 496 3408 adeptus
521 3333 600 3403 erat,
629 3327 800 3401 ‹lemeruit
826 3328 1009 3392 benedictio
1034 3328 1186 3408 elongata
1209 3328 1260 3393 est
1289 3329 1333 3395 ab
1366 3350 1419 3405 eo,
1456 3336 1492 3396 et

228 3441 412 3505 maledictio
436 3442 581 3504 eiusdem
606 3442 728 3505 domini
755 3442 888 3517 Urbani,
924 3441 1006 3507 sicut
1030 3461 1117 3523 aqua
1141 3441 1289 3523 ingressa
1313 3442 1347 3507 in
1372 3445 1492 3509 interi·

228 3576 285 3620 ora
312 3557 421 3637 ipsius,
457 3557 543 3619 sacta
568 3561 617 3619 est
641 3558 667 3620 ei
693 3557 775 3620 sicut
799 3557 1040 3631 vestimentum,
1074 3576 1140 3638 quo
1172 3560 1309 3638 opertus
1338 3559 1373 3622 in
1407 3561 1491 3637 rita,

228 3691 286 3734 nec
320 3676 426 3733 ruorte
459 3671 589 3751 quidem
624 3671 859 3735 interveniente
902 3675 1018 3734 exutus
1060 3675 1120 3735 est.
1181 3669 1267 3736 Nam
1304 3678 1490 3755 postquam

229 3805 382 3863 amanam
408 3785 548 3863 Ungaric
572 3789 698 3865 partem
724 3791 838 3849 contra
867 3786 1110 3865 Sigismuudum
1144 3785 1205 3849 sibi
1239 3785 1491 3865 vendicaverat,

228 3899 271 3963 ab
295 3899 489 3963 adversariis
514 3900 721 3977 Sigisrnnndo
746 3901 929 3963 laventibus
945 3901 1028 3963 iuter
1044 3899 1156 3965 fideles
1176 3899 1238 3964 sibi
1267 3901 1491 3967 commixtis·

229 4014 260 4076 iu
285 4019 393 4076 rastro
417 4014 560 4094 (prodam
586 4014 645 4077 sibi
671 3986 812 4090 subdito,
837 4015 915 4077 duur
941 4036 976 4078 sc
1009 4033 1159 4079 securum
1193 4012 1339 4089 credidit,
1374 4016 1563 4096 giticlinu-

319 4248 333 4274 Ι*
356 4236 505 4288 recantavit
533 4234 654 4298 (Druck).
736 4235 751 4274 t»
771 4237 863 4290 uniore
884 4236 947 4290 l’nd.
1030 4248 1043 4273 θ
1068 4233 1247 4303 chiamuudo
1275 4234 1364 4297 Cau..
1392 4238 1492 4293 chenne

231 4329 265 4374 im
285 4327 435 4388 sulpcadru.
510 4323 524 4362 *l
546 4342 636 4392 regern
658 4326 721 4378 l'nd.
743 4326 770 4380 lt.
791 4325 912 4388 (Druck).
986 4338 999 4363 ¹·
1022 4322 1152 4377 admixtis
1170 4321 1200 4377 L.

322 4513 340 4577 ¹)
368 4518 452 4582 tte-pt.
473 4515 569 4568 Chrou.
590 4515 670 4575 dicul,
693 4521 719 4566 S.
740 4522 779 4566 152¹.
826 4547 849 4553 -
891 4513 1491 4583 ²)Ert1ractrond'eapetamm.80p.

233 4611 300 4657 istas,
319 4609 377 4671 uris.
