3352 5166
764 366 798 374 —
838 329 888 387 162
925 361 958 372 -

272 405 339 466 iter.
358 407 395 466 B.

237 510 359 575 Eodem
393 531 480 576 anuo
514 511 645 575 illustris
677 512 828 594 princeps
861 512 927 576 dux
951 511 1145 576 Wilhelmus
1179 512 1220 576 de
1251 509 1364 576 Monte
1395 514 1489 594 pater

43 635 96 676 1⁴0⁸
110 631 175 675 Juni
190 634 222 676 ³⁴·
237 624 329 687 istius
354 625 518 689 Willrelmi
542 625 634 690 electi
658 625 938 690 Paderburrreusis
963 625 1044 690 Vlll.
1061 625 1225 689 Kalendas
1244 624 1315 689 Iulii
1338 624 1488 703 decessit,

233 740 326 802 cuius
349 739 440 802 obitu
468 744 501 803 et
525 740 838 804 eormuemoracione
863 759 976 803 versus
1000 740 1032 803 in
1055 739 1281 821 Dusscldorp¹⁸
1313 743 1346 805 et
1369 740 1402 804 in
1426 740 1488 805 Bil-

235 853 329 917 velde
352 854 571 935 acceptabiles
595 854 653 918 ieci
677 854 760 919 inira
784 853 933 935 scriptos.

368 1018 513 1083 Turbida
537 1039 590 1084 me
614 1019 714 1099 cogis
739 1039 759 1083 o
783 1038 882 1096 mors,
907 1019 1041 1098 insignis
1068 1017 1176 1082 herois

413 1133 484 1197 Heu
509 1135 616 1197 miuus
640 1134 768 1214 egregio
792 1138 885 1214 gestu
908 1133 1028 1199 referre
1051 1133 1135 1197 stilo.

368 1248 523 1313 Versibus
547 1246 707 1313 alternisb
726 1249 850 1314 claudis
873 1249 1014 1329 gradior,
1038 1249 1115 1331 quia
1139 1249 1266 1330 spernis

413 1362 551 1440 Gaudia,
576 1383 633 1428 em·
656 1365 733 1427 aio⁰
755 1364 879 1427 tristior
902 1363 964 1429 hoc
988 1363 1090 1444 elego.

369 1478 454 1542 Mors
478 1479 569 1544 ducis
593 1479 725 1543 illustris
750 1478 914 1543 Wilhelmi
937 1478 1069 1543 turbida
1092 1477 1202 1542 lustris

412 1590 546 1656 l'lurrisd
566 1593 699 1674 virginei
723 1593 773 1656 bis
797 1597 929 1657 centum
952 1592 1115 1674 puerperii

369 1708 476 1774 Hinc⁰
498 1709 576 1772 anni
607 1758 614 1787 ,
638 1709 736 1772 Iulias
759 1712 895 1790 septeno
910 1707 933 1789 ¹)
958 1711 1066 1773 stante
1089 1708 1265 1787 Kalendas

411 1823 489 1886 Bisg
509 1824 544 1888 C.
569 1824 618 1886 bis
643 1823 751 1888 octavi
775 1823 807 1886 vi
830 1823 890 1887 fuit
913 1827 988 1888 acta
1011 1823 1114 1902 gravi.

369 1937 450 2001 ilinc
475 1938 534 2002 luit
556 1938 626 2019 ipse
650 1939 756 2002 bonus
779 1942 873 2020 pater
897 1938 1097 2019 ecclesieque
1119 1941 1290 2019 patronus.

413 2053 536 2117 Excolit
560 2058 697 2117 umatus
720 2053 806 2118 hanc
829 2073 888 2135 per
912 2072 1053 2134 eumque
1077 2053 1184 2132 datus

368 2168 520 2232 Divinum
546 2169 667 2232 cultum
693 2169 803 2232 dilexit
828 2187 973 2232 crescere
997 2167 1148 2245 multum,

414 2284 520 2349 Factis
544 2285 735 2364 magnificus
759 2284 815 2366 qui
839 2282 898 2346 luit
921 2283 1014 2364 isque
1036 2284 1120 2365 pius.

368 2440 475 2505 Meuia
499 2445 679 2505 castrorum
703 2445 809 2505 turres
832 2443 995 2505 testantur
1018 2459 1143 2519 eorum,

412 2555 451 2618 Et
475 2556 563 2637 quod
588 2555 758 2635 collegium
784 2555 929 2619 condidit
952 2554 1117 2635 egregium

368 2670 404 2732 lrr
428 2670 619 2734 Dusselvillu
644 2671 727 2733 muri
752 2674 858 2735 turres
881 2674 915 2735 et
937 2669 970 2733 in
994 2669 1059 2735 illa.

413 2784 488 2848 Eius
511 2785 713 2867 temporibus
737 2785 854 2849 nobilis
878 2785 910 2848 in
935 2784 1073 2849 ducibus

367 2899 401 2961 Si
426 2900 498 2981 quis
522 2904 603 2977 erat,
628 2900 753 2978 dubito,
777 2899 1082 2982 permunificencior
1109 2900 1183 2964 isto.

368 3047 477 3129 thue
500 3048 630 3113 leonina
654 3047 727 3111 tulit
750 3047 801 3111 hic
825 3047 962 3128 iusignia
985 3048 1063 3113 bina

412 3164 599 3240 Armorum,
624 3162 713 3245 quod
736 3162 765 3226 ci
789 3161 926 3226 contulit
949 3163 1027 3226 urbs
1055 3162 1125 3226 Iulii

366 3279 485 3343 llontis
509 3284 541 3343 et
565 3280 633 3360 ipse
657 3282 772 3355 status,
798 3277 916 3341 meruit
939 3296 1036 3359 quem
1061 3277 1178 3359 primo,
1211 3277 1370 3344 ducatus:

411 3394 464 3458 Sic
488 3394 591 3457 virtus
615 3393 744 3474 gemina
768 3392 901 3474 pretulit
924 3396 998 3457 acta
1022 3412 1092 3458 sua.

368 3508 449 3572 Hinc
472 3527 704 3590 generosorum
729 3508 818 3590 quod
842 3508 978 3574 haberet
1003 3527 1093 3571 more
1117 3507 1275 3572 decorum

412 3623 505 3687 Nunc
529 3623 733 3687 mausoleum
758 3622 853 3686 valde
877 3623 1006 3688 deceret
1029 3641 1114 3686 eum.

366 3739 468 3803 Terra
493 3739 550 3803 secl
575 3758 649 3802 ossa
675 3740 771 3817 tegil3
796 3738 952 3817 animam,
977 3738 1032 3819 qui
1057 3741 1183 3803 tartara
1208 3737 1313 3820 fregit,

412 3853 506 3917 Lucis
528 3859 688 3935 perpetue
711 3855 847 3919 collocet
871 3854 903 3917 iu
928 3854 1049 3935 requio.

322 4090 337 4119 ¹1
357 4077 539 4147 Dusseldorpe
558 4077 619 4130 l'ar.
675 4075 690 4115 ¹¹
710 4077 824 4130 alterius
841 4076 907 4131 Pud.
963 4076 1088 4130 eauimo
1106 4074 1229 4145 (Druck).
1279 4074 1410 4134 ddum
1426 4078 1490 4135 Par.

232 4180 245 4207 ⁰
267 4166 311 4219 hic
331 4166 359 4218 1¹.
434 4164 446 4204 f
471 4165 581 4218 humani
600 4165 668 4219 Pul.
742 4165 821 4219 eliis
840 4165 869 4218 L.

323 4388 342 4451 ¹)
368 4390 471 4441 l'orlrer·
488 4387 562 4443 Vlll.
582 4387 641 4442 Kal.
663 4387 710 4441 lul.
749 4389 833 4440 Nolite
861 4406 887 4440 cs
906 4396 970 4440 carru
998 4389 1039 4440 bei
1064 4390 1210 4443 Gobclinua
1237 4390 1321 4458 Repe!
1345 4394 1416 4461 acin,
1443 4394 1489 4447 dte

235 4478 490 4530 litui-itariuzuluu
512 4496 553 4529 um
575 4481 632 4528 cius
652 4479 789 4544 ›etuti-ip.»-
808 4496 841 4531 τοι
860 4484 975 4529 alceir?
1010 4479 1097 4544 l'crpl.
1120 4480 1172 4531 dus
1191 4480 1312 4547 Epitoplt
1332 4482 1488 4549 uupreelu

231 4570 258 4618 S.
280 4570 307 4619 S.
330 4572 379 4619 133
399 4568 455 4621 zinci
475 4570 533 4619 134.
