3390 5160
621 338 792 392 ...75-

101 501 212 569 iariam
246 500 307 565 sibi
339 500 519 565 dicentem:
560 496 651 579 Papa
684 496 753 559 vult
786 496 890 560 redire
914 494 1109 560 Arinionem
1134 501 1248 562 contra
1272 496 1328 562 Dei

101 615 279 681 oluumtem
304 619 337 678 et
359 612 583 694 derelinquere
606 611 716 677 sedern
748 610 952 693 propriane,
982 609 1069 692 quod
1106 609 1183 675 dum
1208 610 1328 687 iecerit,

101 731 191 795 latim
228 729 396 804 morietur,
431 727 595 793 racionem
628 725 670 789 de
703 725 759 789 tali
794 743 923 790 recessu
957 729 989 791 et
1022 724 1095 788 aliis
1127 723 1238 790 multis
1262 726 1329 791 Deo

101 843 275 910 additurus.
336 841 429 908 Hanc
469 841 706 907 revelacionem
752 842 822 923 ipsa
859 839 993 905 domina
1026 839 1157 919 Brigida
1195 840 1329 907 tradidit

101 959 235 1041 criptam
267 958 308 1021 de
341 976 442 1021 mauu
480 957 588 1022 fratris
621 955 757 1020 Allousii
791 954 985 1019 contessoris
1010 954 1062 1017 sui
1085 973 1170 1036 pape
1195 954 1328 1023 Urbano

101 1093 107 1137 ι
141 1076 255 1138 monte
288 1071 452 1136 Flasconis
486 1071 517 1135 in
553 1070 659 1150 vigilia
689 1069 926 1151 assumpcionis
954 1070 1050 1133 beate
1074 1068 1231 1149 Virginisr
1270 1068 1328 1135 sed

101 1189 229 1255 ominus
252 1186 405 1252 Urbanus
438 1186 495 1250 bec
529 1180 813 1267 niclrilipeudeusb
842 1185 884 1249 ab
918 1183 1010 1249 ltalia
1043 1183 1177 1249 recessit
1205 1188 1238 1250 et
1261 1187 1328 1250 sta·

101 1324 133 1370 m
158 1307 309 1368 mortuus
333 1305 382 1366 est
396 1301 428 1381 ¹).

183 1415 358 1498 Gregorius
382 1414 436 1479 xi,
459 1414 544 1478 sedit
567 1432 673 1479 anuos
696 1417 771 1477 octo
787 1411 820 1496 ²).
867 1413 948 1476 Cum
975 1413 1035 1478 iste
1059 1412 1118 1477 luit
1142 1412 1263 1479 electus
1287 1414 1329 1479 de

101 1531 211 1613 ›llessio
234 1529 460 1604 cardinalium,
485 1528 618 1592 domina
638 1527 770 1609 Brigida
794 1527 936 1592 existens
970 1527 1076 1592 Rome
1105 1527 1220 1594 babuit
1244 1526 1328 1592 hanc

101 1645 253 1712 sionem:
279 1643 412 1710 Audiuit
435 1661 548 1709 rocem
572 1643 633 1707 sibi
657 1642 831 1718 dicentem,
854 1641 944 1725 quod
968 1643 1039 1724 ipsa
1061 1641 1217 1708 scriberet
1232 1660 1328 1724 pape,

101 1759 309 1827 evoluntate
333 1759 390 1823 Dei
414 1778 496 1833 esse,
519 1757 607 1839 quod
638 1758 761 1822 veniret
796 1757 936 1821 Romam
971 1776 1044 1822 curn
1080 1756 1265 1823 bumilitate
1297 1761 1329 1822 et

101 1880 214 1942 aterna
237 1875 372 1941 caritate
405 1878 438 1937 et
461 1892 526 1937 nou
550 1892 624 1937 curu
649 1893 781 1956 pompa.
829 1871 921 1939 Hanc
955 1871 1192 1936 revelacionem
1216 1874 1328 1954 porta·

101 1995 119 2055 li
147 1990 284 2056 domiuo
308 1989 463 2070 Gregorio
499 2008 584 2070 pape
607 1988 649 2052 de
672 1987 780 2052 Roma
804 1987 846 2052 ad
872 1987 1067 2053 Avinioneur
1091 1987 1243 2051 dominus
1267 1986 1329 2050 La·

101 2124 162 2171 uus
184 2104 227 2170 de
251 2103 376 2168 Ursinis
400 2102 492 2168 miles
516 2102 634 2168 nobilis
657 2101 838 2177 Romanus,
868 2103 925 2167 sed
949 2121 1036 2185 papa
1060 2101 1185 2166 distulit
1213 2106 1246 2164 et
1270 2102 1329 2165 ite·

101 2238 146 2284 nn
185 2218 259 2285 iecit
291 2218 456 2300 requirere
488 2217 657 2282 dominam
691 2217 854 2298 Brigidam
887 2237 986 2298 sirper
1028 2217 1171 2281 adventu
1203 2235 1262 2279 suo
1296 2221 1328 2281 et

101 2333 272 2400 uibusdam
296 2333 368 2399 aliis
391 2332 534 2397 secretis,
582 2332 655 2415 lpsa
689 2333 826 2413 receptis
859 2332 908 2396 his
933 2352 972 2396 ex
996 2335 1090 2413 parte
1114 2351 1200 2414 pape
1223 2330 1329 2396 oravit

101 2447 115 2513 l
154 2447 258 2513 Deum
293 2452 325 2512 et
357 2447 472 2511 hebuit
504 2466 697 2529 responsum
734 2448 765 2510 iu
798 2446 883 2511 hunc
908 2447 1062 2511 medum:
1102 2446 1158 2510 Dic
1182 2445 1329 2509 Aliensio

101 2561 243 2638 eremite,
268 2563 345 2626 olim
370 2562 534 2644 episcopo,
559 2562 646 2644 quod
672 2561 792 2625 scribat
817 2561 901 2627 hanc
926 2562 1162 2626 revelacionern
1188 2565 1220 2627 et
1240 2560 1329 2625 clau·

101 2696 145 2742 un
165 2694 206 2742 ac
229 2675 405 2757 sigillatam
428 2680 537 2758 portet
560 2696 633 2741 eam
658 2676 701 2739 ad
723 2675 810 2739 illum
831 2675 996 2749 abbatem,
1018 2675 1166 2740 videlicet
1186 2675 1328 2740 Gerbar·

101 2809 155 2856 um
178 2790 333 2855 abbatem
359 2790 491 2855 maioris
512 2791 701 2855 monasterii
721 2790 922 2855 Turonensis
948 2827 985 2835 -
1014 2791 1068 2872 qui
1090 2794 1204 2872 postea
1226 2791 1329 2854 iactus

101 2906 135 2970 rit
164 2904 339 2970 cardinalis
351 2906 388 2987 ³¹),
426 2910 458 2970 et
488 2911 565 2970 tunc
599 2907 715 2969 missus
749 2910 818 2971 erat
853 2906 884 2969 in
913 2904 1039 2970 ltaliam
1069 2924 1128 2986 per
1151 2923 1271 2986 papam
1298 2904 1328 2967 iu

101 2994 317 3086 sensianum
351 3024 382 3084 et
414 3020 619 3085 collectorem
653 3020 869 3084 universalem
899 3024 1059 3084 terrarum
1094 3018 1227 3084 ecclesie
1261 3055 1280 3062 -
1295 3028 1328 3061 -0

101 3153 176 3201 uam
201 3134 270 3216 ipse
293 3135 403 3199 statim
430 3133 537 3198 mittat
561 3134 603 3199 ad
628 3153 759 3217 papam.
816 3134 944 3198 Scribat
978 3133 1080 3198 eciam
1115 3133 1184 3215 ipse
1217 3132 1330 3196 Alion-

103 3246 167 3314 us‘¹
187 3248 272 3313 dicte
296 3248 507 3314 revelacionis
531 3248 659 3330 copiam
684 3249 716 3312 in
740 3249 857 3330 papiro
881 3254 914 3313 et
944 3252 1052 3330 portet
1085 3267 1194 3311 secum
1234 3266 1330 3329 aper·

101 3383 143 3430 rm
178 3367 212 3427 et
248 3363 401 3428 ostendat
442 3383 515 3429 eam
557 3363 644 3427 dicto
688 3363 818 3436 abbati,
856 3369 893 3427 ut
926 3364 993 3445 ipse
1027 3363 1111 3443 leuat
1145 3366 1177 3426 et
1210 3361 1329 3434 rideat,

101 3477 152 3542 uid
175 3478 382 3542 contineatur
405 3478 437 3541 in
462 3500 510 3542 eu.
558 3478 677 3543 Postea
709 3497 787 3542 vero
820 3479 852 3543 iu
884 3479 1051 3560 presencia
1086 3478 1216 3543 abbatis
1248 3477 1330 3542 dila·

101 3596 162 3658 eret
184 3591 290 3675 ipsam
314 3594 442 3676 copiam
478 3594 508 3656 iu
538 3592 714 3666 trusticula,
748 3595 825 3674 quiin
858 3594 940 3658 sicut
975 3598 1050 3658 tunc
1084 3593 1177 3674 copia
1206 3591 1330 3657 revela·

101 3707 176 3772 ionis
199 3707 232 3772 in
257 3706 422 3773 imaticula
457 3707 662 3775 lacerabitur.
697 3708 751 3775 ila.
784 3709 808 3771 si
845 3728 930 3790 palpa
965 3728 1030 3772 non
1055 3708 1160 3772 veniel
1187 3708 1328 3772 liomam

101 3839 224 3904 empore
247 3821 307 3885 sibi
331 3822 508 3903 assignato,
539 3842 653 3886 omnes
678 3827 763 3887 terre
787 3823 931 3899 ecclesie,
956 3842 1019 3905 que
1044 3823 1143 3887 modo
1168 3823 1229 3886 sub
1263 3841 1329 3886 uua

101 3954 160 4018 ape
182 3934 372 4001 obediencia
396 3942 483 4009 sunt,
522 3937 787 4002 dilacerabuntur
811 3957 869 4019 per
903 3957 1020 4002 munus
1053 3942 1266 4019 tyrannouun
1298 3940 1330 4000 et

101 4048 278 4114 rimicorum
313 4051 455 4117 ecclesie.
510 4052 592 4115 Nam
628 4053 658 4114 in
693 4053 808 4117 eadem
844 4053 1045 4116 revelacione
1078 4051 1328 4115 determinatum

165 4278 181 4308 ⁸
198 4269 267 4335 tebit
287 4272 322 4322 im
346 4271 419 4335 Text,
440 4271 686 4336 nebenqeacnrieben
707 4269 783 4324 Cur.
848 4267 1054 4339 beilipondom
1072 4268 1101 4322 L.
1122 4268 1187 4323 Pad.
1249 4281 1262 4310 ⁰
1287 4272 1331 4321 die

101 4357 327 4410 'dankmctriclre
344 4358 409 4409 liobe
430 4359 469 4409 ich
488 4367 593 4425 qenerzr.
667 4355 682 4397 ¹¹
703 4357 836 4412 deonotus
854 4357 919 4411 Pel.

120 4483 360 4491 ——-—-.-----.

168 4548 187 4611 1)
206 4551 249 4603 Zet
274 4553 394 4618 Aviqnon
426 4557 495 4604 137⁰
526 4554 587 4605 llas.
611 4557 650 4603 19.
675 4580 707 4587 —
747 4550 767 4614 ²)
789 4557 858 4605 1370
879 4555 942 4605 lm.
963 4557 1104 4606 nli-137⁸
1122 4550 1211 4605 Hdrz.
1231 4555 1273 4605 27.
1297 4576 1326 4588 -·

118 4634 256 4692 (dandus
275 4636 309 4692 de
327 4636 419 4694 Pedio.
443 4645 510 4692 137⁵
528 4638 617 4708 presb.
636 4637 709 4694 card.
729 4638 762 4693 ds
780 4656 801 4693 s
822 4637 914 4703 Clam,
931 4648 996 4707 qen.
1019 4643 1093 4692 1889.
