3390 5160
816 359 848 365 -
887 326 937 380 ror
979 358 1007 366 --

287 486 373 550 libus
406 506 505 568 quam
540 482 762 563 spiritualibus
805 483 938 547 ecclesie
981 481 1129 546 llomanc
1170 483 1359 547 immediate
1392 484 1537 547 subiecta

287 601 386 665 variis
408 601 546 664 adluens
570 598 701 669 deliciis.
727 598 893 660 bominum
920 597 1126 661 multitudine
1159 598 1249 673 lulla,
1283 603 1374 661 tanta
1408 598 1538 662 diceba·

286 718 341 776 tur
373 713 553 777 eminencia
587 713 750 783 claruisse,
784 718 820 776 ut
853 733 936 793 pene
968 714 1114 776 civitates
1148 713 1292 790 singulas
1325 714 1425 794 ipsius
1449 713 1538 792 regni

287 832 384 910 portu
408 829 534 892 marino
559 833 706 891 carentes
740 829 788 890 sui
815 832 986 891 venustate
1019 827 1193 908 precellere
1226 827 1397 891 diceretur.
1445 825 1539 890 Post·

287 961 388 1023 quam
413 962 500 1018 vero,
522 942 666 1006 lobanna
686 941 823 1016 devicta,
844 941 907 1004 dux
930 941 1176 1021 dndapareusis
1196 942 1328 1006 intrarit
1348 942 1428 1006 lmes
1448 942 1539 1023 Apu·

288 1055 339 1125 ue,
371 1075 468 1138 super
501 1056 604 1138 ipsam
645 1056 808 1119 civitatem
842 1075 900 1136 per
934 1055 1033 1136 ipsius
1058 1056 1217 1120 Lodewici
1253 1056 1343 1119 ducis
1376 1056 1537 1136 predictin

288 1175 318 1234 et
343 1189 476 1234 suorum
501 1167 674 1235 diversosb
703 1171 862 1234 exercitus
886 1170 927 1232 de
960 1170 1036 1233 loris
1068 1171 1164 1247 aladii
1200 1171 1377 1233 iudicium⁰
1410 1174 1539 1234 constat

288 1284 467 1348 inductum.
514 1284 711 1347 lnlrinsecus
736 1304 813 1348 vcro
837 1285 960 1348 civibus
985 1285 1061 1365 ipsis
1094 1285 1272 1348 sediciones
1302 1285 1539 1349 concitantibus

287 1399 384 1478 gladii
414 1398 567 1462 iudicium
594 1400 710 1463 lorcius
735 1400 880 1469 invaluit,
905 1419 978 1463 curu
1003 1404 1137 1481 propter
1165 1399 1378 1463 execrabilem
1413 1399 1539 1479 parcia-

287 1513 350 1577 lem
375 1513 651 1587 contrarietatem,
686 1533 750 1595 qne
774 1534 832 1595 per
855 1519 988 1577 cunctas
1021 1514 1121 1594 ipsius
1155 1514 1243 1590 repa
1277 1517 1388 1594 partes
1421 1513 1538 1577 diffusa

288 1627 445 1709 plurimas
477 1627 624 1691 civitates
655 1629 780 1697 evertit,
819 1628 905 1691 cives
939 1628 1159 1692 beneventani
1193 1628 1244 1690 alii
1279 1628 1320 1691 de
1344 1632 1437 1708 parte
1466 1646 1539 1691 rosc

288 1741 397 1815 rubec,
422 1742 474 1805 alii
499 1742 540 1806 de
564 1747 656 1823 parte
680 1761 752 1805 rose
776 1743 849 1806 albe
872 1763 907 1806 se
930 1749 1113 1807 asserentes
1143 1744 1226 1806 iuter
1257 1763 1291 1806 se
1316 1743 1452 1806 invicem
1477 1743 1538 1805 sub

289 1857 442 1933 maribus
459 1876 672 1937 personarum
689 1861 720 1919 et
740 1877 846 1920 rerum
864 1857 1041 1938 dispendiis
1056 1857 1234 1921 certamina
1250 1876 1327 1938 sepe
1343 1859 1490 1920 lorerunt
1504 1856 1536 1926 ¹t.

287 1970 436 2034 Tandem
461 1991 537 2052 pars
562 1972 672 2045 rubea,
706 1972 788 2035 alias
812 1992 869 2053 per
901 1972 1010 2036 albam
1045 1980 1171 2053 partem
1206 1973 1350 2053 expulsa.
1385 1976 1539 2035 extranee

288 2086 392 2159 acutis
425 2091 599 2166 procurato
633 2087 796 2151 iirramine
829 2087 1010 2166 prevalens,
1050 2087 1127 2151 dum
1161 2087 1268 2150 adbuc
1301 2086 1452 2148 dominus
1478 2086 1538 2149 Ur·

289 2199 394 2263 banus
418 2219 505 2281 papa
530 2199 665 2281 Neapoli
680 2199 704 2282 ²)
729 2201 901 2274 residebat,
928 2202 1008 2269 illos.
1033 2203 1088 2282 qui
1113 2203 1213 2282 partis
1238 2201 1311 2264 albe
1336 2202 1473 2274 lucrant,
1498 2199 1538 2262 de

289 2315 419 2377 civitate
443 2313 600 2377 violenter
627 2315 753 2379 evulsit.
806 2314 851 2378 llli
886 2335 962 2379 vcro
995 2317 1038 2379 sic
1065 2316 1163 2379 evulsi
1193 2316 1311 2380 doloris
1346 2335 1404 2378 sue
1436 2314 1539 2396 partis

289 2428 438 2492 fidelibus
470 2430 683 2508 congregatis,
723 2433 817 2511 porta
850 2431 989 2494 civitatis
1022 2432 1082 2494 sub
1116 2435 1223 2494 castro
1257 2430 1318 2494 sita
1356 2429 1415 2492 sibi
1454 2430 1536 2493 clam
1620 2485 1625 2493 .

289 2548 402 2624 aperta
449 2543 611 2607 civitatem
648 2545 781 2621 ingressi
821 2564 919 2626 super
965 2545 1170 2609 adversarios
1215 2548 1360 2626 repertos
1399 2545 1537 2609 inermes

289 2677 408 2737 mergae
434 2657 601 2721 ferocitate
626 2658 788 2722 irruerunt
812 2664 840 2722 et
868 2659 1042 2723 miserabili
1076 2661 1106 2723 iu
1140 2681 1196 2723 cos
1229 2661 1307 2723 cede
1341 2660 1538 2723 bacchantes

289 2771 453 2834 civitatem
477 2771 699 2835 obtinuerunt.
748 2772 805 2836 ilis
829 2774 939 2854 itaque
965 2774 1069 2837 modis
1093 2775 1203 2851 buruis
1228 2775 1367 2838 civitatis
1391 2775 1433 2837 ab
1448 2779 1538 2836 utro·

289 2904 355 2966 que
379 2886 478 2950 latere
490 2883 504 2924 ¹¹
524 2887 696 2949 destructis
721 2887 937 2969 domibusque
961 2894 991 2951 et
1018 2890 1110 2952 bonis¹
1143 2891 1351 2970 expulsorum
1387 2889 1470 2951 intra
1494 2888 1537 2951 ci·

290 2999 425 3064 ritatem
458 3000 612 3064 desolatis
654 3007 684 3064 ct
719 3001 792 3065 irinc
826 3002 901 3066 inde
925 3002 1087 3066 distractis
1124 3005 1237 3067 civitas
1262 3005 1331 3084 ipsa
1356 3005 1386 3066 in
1412 3006 1538 3066 lantum

218 3131 274 3169 m
296 3118 367 3179 erat
390 3114 529 3183 deserta.
563 3116 650 3195 quod
676 3135 715 3178 eo
741 3120 887 3197 tempore
912 3119 962 3180 rix
988 3124 1105 3198 quarta
1134 3139 1210 3200 pars
1242 3118 1380 3181 civitatis
1414 3090 1541 3179 inlmbi·

290 3229 431 3294 labatur.
480 3229 628 3310 Dumque
652 3231 727 3293 armi
754 3231 956 3311 precedentis
980 3238 1121 3299 estate&
1148 3234 1336 3314 priusquam
1356 3230 1540 3294 luriusmodi

289 3342 470 3406 ‹tissenstos
496 3343 618 3407 dictum
652 3345 821 3408 sortiretur
854 3348 1016 3422 ellectum,
1050 3348 1156 3425 armis
1189 3348 1375 3428 pestilencia
1409 3345 1541 3408 morbus

289 3457 446 3539 plurimas
479 3459 590 3521 muudi
624 3464 733 3540 partes
768 3461 908 3523 inliceret
922 3473 947 3531 ι’,
984 3462 1188 3525 beneventus
1227 3462 1371 3543 plurimis
1414 3461 1541 3524 liabita-

290 3571 416 3635 toribus
439 3573 498 3634 sibi
523 3573 637 3637 eodem
664 3575 778 3637 morbo
803 3577 977 3638 subtractis·
1003 3577 1153 3639 irnlicium
1179 3577 1369 3649 secundum,
1396 3575 1542 3638 uidelicet

290 3685 490 3767 pmslilencie.
525 3706 622 3768 super
655 3710 689 3750 se
724 3691 856 3752 missum
891 3711 961 3753 esse
995 3692 1162 3770 persensit.
1217 3692 1297 3753 llum
1325 3709 1401 3751 vero
1426 3688 1540 3751 eculem

290 3805 437 3882 tempore
461 3806 574 3878 gentes
600 3801 690 3866 (lucis
715 3802 961 3881 drutaaarcnsis
985 3823 1088 3884 prope
1113 3805 1333 3868 Bemmnmm
1369 3804 1438 3867 loca
1472 3822 1542 3864 ruu-

290 3915 360 3979 uita
384 3919 531 3979 tenentes
555 3917 648 3996 quasi
683 3937 741 3998 per
771 3919 914 3996 singulos
938 3919 1006 3980 dies
1042 3939 1139 3982 causa
1173 3919 1272 4000 prede
1303 3918 1542 3983 llcrnucnlanis

290 4029 496 4111 vagabantur
519 4030 551 4092 iu
575 4032 710 4112 campis
736 4033 821 4096 cives
847 4034 904 4114 ipsi
931 4034 1012 4096 inira
1036 4033 1202 4097 biennium
1237 4033 1359 4096 nullum
1396 4051 1478 4112 peno
1501 4031 1542 4094 de

381 4228 396 4254 ¹·
416 4214 564 4285 supradicti
593 4215 653 4268 Par.
728 4215 742 4253 t·
764 4219 905 4268 reclamaret
938 4238 990 4269 arua
1018 4218 1133 4271 diversio
1156 4217 1222 4271 Pad.
1296 4232 1307 4253 ¹·
1333 4217 1459 4270 iudicium
1488 4215 1542 4283 gls-

289 4303 327 4358 dii
350 4301 377 4358 ia.
396 4303 457 4357 Par.
539 4302 555 4343 (ἰ
575 4304 609 4358 ab
628 4307 741 4374 utraque
770 4312 846 4374 parte
874 4327 917 4358 nin
948 4310 1041 4359 ldrmle
1071 4313 1096 4358 iu
1127 4307 1160 4360 ab
1189 4313 1301 4377 utroque
1329 4307 1413 4360 latere
1444 4308 1543 4359 rerba·

289 4403 347 4445 sert
371 4392 447 4446 Cas.
520 4403 534 4434 ⁰
557 4398 631 4446 etate
651 4392 710 4449 Par.
785 4392 796 4433 f
820 4395 953 4449 diamncio
974 4395 1036 4449 l’ad.
1111 4397 1310 4449 “interficeret
1330 4394 1393 4448 Pad.

386 4554 404 4620 ¹)
427 4547 450 4607 Γ
453 4555 500 4606 ber
518 4557 562 4607 ‹b'e
581 4556 704 4606 1¹urtrirn
730 4559 779 4606 der·
799 4560 897 4607 werden
919 4559 975 4607 itud
995 4567 1066 4608 roien
1089 4559 1156 4609 Itone
1175 4560 1255 4625 rcryl.
1274 4556 1371 4610 Chrou.
1390 4556 1441 4609 Sic.
1463 4560 1491 4609 S.
1512 4564 1544 4607 oa

292 4644 366 4696 nebat
387 4646 420 4696 A.
438 4647 462 4695 2.
484 4671 515 4680 -
536 4642 556 4704 ²)
581 4645 636 4695 l'cm
658 4649 726 4695 laun
746 4645 810 4696 Noc.
832 4649 970 4697 lit—13⁸1
989 4647 1066 4698 Just.
