3390 5160
741 338 771 345 -
810 307 933 360 200-

213 469 394 539 traclamla,
420 466 533 529 illustri
558 466 640 528 duce
665 464 891 527 Brunsrieonsi
917 462 1051 527 domiuo
1074 462 1268 529 Benrlrardo
1303 465 1460 530 mediante

215 588 287 664 post
312 582 430 645 multos
454 583 612 644 tractatus
636 598 751 641 omnes
775 582 909 659 excepto
934 577 1075 659 capitulo
1099 581 1132 642 et
1160 578 1361 659 quibusdam
1386 580 1460 643 mili·

215 697 338 760 laribus
362 696 535 759 comitatus
559 695 600 757 de
624 692 858 772 llavensbergb
888 692 1074 757 concordati
1100 696 1185 756 sunt.

320 812 384 874 Sed
418 810 495 891 quia
526 809 640 872 civitas
678 813 708 872 et
742 808 840 889 opida
875 810 979 871 certas
1011 807 1224 888 pecuniarum
1257 828 1405 874 summas
1431 811 1459 873 iu

214 927 282 1006 ipsa
307 924 468 989 amicabili
493 923 731 1004 composicione
754 922 937 1003 specialiter
960 921 1104 986 adiectas
1127 921 1263 986 domino
1297 923 1401 988 electo
1431 925 1459 988 iu

215 1039 353 1104 tennino
387 1038 428 1103 ad
463 1038 523 1101 lroc
557 1037 722 1117 assignato
752 1041 784 1102 et
818 1037 903 1100 nltra
936 1036 1009 1117 plus
1041 1056 1142 1118 quam
1167 1056 1227 1118 per
1255 1057 1313 1101 sex
1340 1057 1459 1102 memes

215 1155 339 1217 solvere
380 1151 584 1227 distulerunt,
619 1151 768 1232 quamvis
802 1151 987 1232 frequenter
1028 1151 1142 1215 moniti
1176 1155 1208 1216 et
1240 1153 1397 1234 requisiti,
1428 1159 1458 1216 ut

215 1269 303 1332 iuxta
327 1267 523 1348 promissum
547 1266 772 1329 satisfacerent
795 1269 826 1329 et
850 1264 1048 1338 condictum,
1081 1269 1113 1331 el
1137 1265 1230 1330 multi
1254 1265 1296 1329 de
1321 1268 1458 1332 militari·

215 1385 275 1446 bns
299 1382 472 1446 comitatus·
496 1379 630 1461 predicti
654 1385 788 1461 propter
811 1400 878 1455 eos
902 1380 957 1461 qui
981 1380 1022 1444 de
1045 1380 1095 1444 sui
1118 1379 1284 1445 districtus
1308 1383 1458 1445 consorti·

215 1498 318 1562 busa
342 1496 581 1577 composicione
605 1495 731 1576 prelata
755 1495 869 1559 seclusi
894 1499 1092 1570 manserant,
1126 1495 1356 1560 Bernlrardnm
1391 1495 1458 1578 Lip-

214 1632 346 1693 pensem
372 1611 482 1674 statim
507 1614 581 1690 post
605 1609 852 1690 composicionis
878 1609 961 1672 illins
994 1609 1304 1688 pronunciacionem
1339 1611 1458 1675 dillida·

215 1731 300 1801 rnnt,
326 1726 396 1807 ipsa
421 1725 618 1806 composicio
642 1725 749 1787 minus
774 1723 920 1787 debitum
945 1725 1061 1788 sortita
1085 1723 1142 1788 luit
1166 1725 1331 1789 effectum.
1373 1725 1457 1789 Unde

215 1860 342 1904 rursum
368 1840 437 1921 ipse
461 1838 670 1902 Bernlrardns
694 1839 827 1901 dominu
852 1838 954 1902 electo
984 1837 1171 1903 inimicicias
1194 1839 1370 1905 indicendo
1388 1839 1458 1903 ciri·

215 1959 316 2018 talem
341 1958 374 2017 et
398 1953 495 2034 opida
520 1953 580 2016 snb
604 1952 714 2015 debito
750 1953 921 2016 iuramenti
954 1953 1013 2016 sibi
1047 1953 1179 2018 racione
1211 1955 1458 2036 conspiraciouis

216 2070 339 2151 prelato
363 2067 488 2149 prestiti
513 2070 626 2131 contra
650 2067 818 2131 dominum
844 2067 983 2130 electum
1007 2067 1040 2130 in
1063 2067 1113 2132 sui
1141 2067 1324 2133 subsidium
1358 2069 1456 2151 requi·

216 2184 298 2246 sirit.
346 2183 385 2246 Et
408 2182 558 2262 qrramris
582 2182 613 2244 in
639 2183 789 2262 prelataa
815 2181 1053 2262 composicione
1077 2183 1137 2246 luit
1168 2183 1345 2260 adiectum,
1377 2185 1457 2266 qnod

218 2300 269 2362 via
294 2298 370 2361 iuris
405 2296 612 2359 determinari
645 2296 788 2372 deberet,
821 2317 864 2360 an
897 2297 1044 2377 predicta
1080 2296 1284 2378 conspiracio
1313 2319 1372 2363 seu
1402 2300 1456 2379 liga

214 2416 325 2494 posset
348 2412 389 2475 ‹le
413 2411 480 2473 inre
504 2411 689 2487 subsistere,
715 2415 746 2474 ct
770 2411 855 2474 eires
879 2432 917 2476 ac
945 2411 1076 2492 opidani
1101 2411 1241 2477 civitatis
1264 2409 1325 2477 etl’
1353 2413 1457 2496 opido

216 2547 286 2590 rum
312 2525 529 2608 predictorum
557 2526 690 2588 luissent
719 2545 778 2606 pro
807 2531 899 2606 parte
929 2526 1053 2590 domiui
1086 2526 1178 2591 electi
1210 2526 1255 2591 ad
1288 2527 1457 2592 discucien

215 2642 292 2704 dum
327 2641 436 2721 sepius
473 2639 628 2720 requisiti,
663 2640 722 2721 ipsi
755 2644 866 2703 tannen
899 2640 953 2704 illo
987 2639 1124 2705 articulo
1156 2660 1257 2723 super
1288 2642 1374 2707 illius
1405 2643 1457 2721 lice

215 2754 401 2819 substancia
435 2758 594 2833 concepto
627 2759 659 2816 et
691 2776 711 2818 a
744 2753 892 2834 partibus
928 2753 1002 2819 bine
1036 2754 1111 2819 inde
1143 2775 1301 2822 concesso
1335 2758 1458 2821 minime

215 2871 371 2944 discusso,
405 2869 491 2932 dicto
515 2867 705 2932 bernbardo
729 2874 844 2932 contra
867 2869 1036 2933 dominnm
1069 2869 1207 2935 electum
1241 2872 1457 2937 assistenciam

215 2986 312 3049 talem
337 2985 556 3065 prestiterunt,
595 2984 683 3064 qnod
716 2985 876 3060 subditos,
916 2984 1027 3049 lideles
1059 2988 1092 3048 et
1123 2985 1336 3051 auxiliatores
1368 2987 1458 3069 ipsius

215 3099 337 3162 domini
380 3098 471 3161 electi
512 3098 706 3160 hostilibuse
739 3099 919 3162 incursibus
950 3102 983 3163 et
1014 3099 1177 3180 dampnis
1219 3100 1457 3168 inimiciciarum

215 3213 471 3277 denunciacione
494 3213 660 3294 premissa,
695 3213 835 3291 graviter
858 3215 1046 3278 affecerunt.
1095 3213 1189 3278 Unde
1211 3234 1279 3280 non
1303 3217 1457 3289 obstante,

215 3327 302 3409 ‹prrod
327 3328 479 3390 dominus
503 3328 622 3391 electus
655 3328 772 3391 obtulit
804 3348 840 3391 se
872 3328 913 3392 ad
947 3328 1211 3394 satisfaciendum
1244 3330 1334 3396 dicto
1366 3333 1458 3397 Bern-

216 3443 320 3506 lmrdo
346 3444 375 3505 in
402 3443 469 3505 iure
493 3443 542 3505 vel
568 3439 625 3505 ind
646 3442 792 3506 arnieicia
821 3442 863 3505 ad
896 3443 1207 3508 determinacionem
1240 3444 1362 3510 eirinm
1391 3466 1459 3510 sno·

216 3578 286 3620 rnm
312 3557 529 3638 predictorum
554 3577 651 3637 super
675 3557 836 3633 omnibus,
868 3557 908 3621 de
937 3557 1153 3640 quibuscum
1178 3559 1338 3642 impetere
1362 3561 1458 3633 rellet,

215 3677 246 3735 et
279 3671 320 3734 ad
355 3671 564 3747 olilieamlum
598 3693 633 3734 se
656 3671 699 3735 ad
732 3672 964 3752 perliciemlum
995 3672 1056 3737 lroc
1085 3673 1146 3737 sub
1169 3692 1256 3755 pena
1279 3674 1457 3757 pecuniaria

214 3806 270 3849 scu
296 3805 352 3865 per
376 3786 504 3848 obsides
529 3787 735 3862 sullicientes,
760 3786 939 3850 dummodo
963 3788 1108 3868 prelatus
1139 3787 1350 3854 Bembardus
1372 3787 1457 3853 simili

215 3900 313 3962 morlo
338 3900 396 3962 sibl
423 3901 510 3980 prius
534 3905 591 3963 aut
615 3906 689 3981 post
715 3902 803 3964 iuxta
829 3901 905 3965 luris
930 3902 1076 3967 milliaris
1109 3902 1310 3983 exigenclam
1344 3903 1458 3968 iusticie

215 4015 263 4077 rel
288 4014 432 4077 aruieicie
457 4014 576 4078 laceret
611 4015 898 4096 cmnplementnm,
933 4020 1044 4081 tanuen
1078 4017 1148 4100 ipso
1182 4016 1376 4084 Bernhardo
1406 4017 1457 4081 bec

214 4129 323 4192 onmia
358 4132 527 4192 recusante
560 4129 645 4192 eires
679 4129 811 4210 predicti
853 4131 912 4193 sibi
950 4135 1064 4195 contra
1096 4130 1265 4196 dominnm
1298 4132 1456 4216 proprium

214 4243 343 4316 auxilia,
369 4248 403 4305 ul
429 4243 491 4304 iam
516 4243 637 4305 dictum
664 4250 721 4317 est,
748 4246 966 4324 prestiterunt.

286 4496 300 4523 ἢ
321 4484 424 4552 presule
445 4482 472 4534 L.
521 4482 535 4518 b
556 4502 585 4535 uc
607 4483 634 4538 li.
682 4496 694 4520 e
718 4489 768 4536 ilua
788 4484 804 4537 ll
821 4482 1251 4553 riuilurmlcnucliqerrnqenPnd.
1287 4482 1394 4539 ‘idem
1403 4482 1456 4538 Pol.
