3390 5160
745 312 937 370 -214-

214 477 248 535 ut
274 472 316 535 illi
342 472 464 535 fractus
488 490 602 535 earum
627 470 835 554 percipiendo
858 471 1065 554 presbyteros
1088 490 1148 552 pro
1172 468 1331 549 regimine
1353 485 1458 531 earum

214 587 256 649 ad
280 586 405 649 libitum
431 605 544 649 eorum
568 585 795 650 conducerent.
844 587 961 650 Datam
990 584 1214 651 coronacionis
1247 581 1359 645 multis
1390 600 1460 643 ren·

214 699 294 763 didit
325 719 384 780 pro
418 703 506 764 certa
534 703 646 764 taxata
669 700 818 781 pecunia,
847 700 997 765 videlicet
1020 719 1079 781 pro
1104 696 1385 780 vigintiquinque
1408 696 1461 758 llo-

216 815 311 891 renis,
337 815 377 877 de
401 833 530 878 camera
554 813 663 895 plures
696 814 801 878 bullas
834 815 903 879 lieri
936 814 1011 879 lecit
1043 832 1141 895 super
1175 810 1355 885 beneficiis,
1386 827 1462 890 quas

215 928 451 992 mercatoribus
484 927 672 992 vendendas
705 928 838 992 tradidit
876 947 936 1010 pro
969 931 1058 993 certa
1093 924 1232 1009 pecunie
1273 923 1461 1005 quantitate.

215 1042 312 1107 Plura
345 1042 502 1106 beneficia
539 1041 572 1104 in
605 1041 756 1105 manibus
799 1042 865 1105 suis
898 1040 997 1105 luisse
1029 1040 1193 1120 resignata
1235 1037 1394 1102 confinxit
1423 1040 1462 1105 et

215 1156 309 1219 bullis
333 1175 430 1237 super
454 1154 684 1219 beneficiorum
708 1155 836 1219 illorum
860 1154 1116 1220 vacacionibust
1141 1152 1275 1218 assertis
1303 1150 1462 1221 conlectis,

214 1270 371 1334 beneficia
405 1270 458 1332 illa
491 1268 646 1345 vendidit,
679 1288 885 1350 possessores
917 1288 1030 1333 eorum
1062 1268 1109 1332 sic
1138 1271 1263 1332 temere
1285 1263 1463 1346 spoliando.

216 1384 324 1447 Unum
353 1388 385 1446 et
420 1383 505 1447 idem
537 1383 728 1448 beneficium
754 1383 900 1465 pluribus
923 1382 1078 1460 vendidit,
1110 1385 1144 1446 et
1180 1379 1382 1463 quandoque
1413 1381 1463 1443 uni

215 1502 248 1561 et
280 1497 385 1561 eidem
419 1496 564 1578 repetitis
596 1496 720 1560 vicibus
752 1501 785 1561 et
817 1496 1010 1578 plerumque
1042 1494 1248 1571 beneficium,
1280 1493 1372 1576 quod
1403 1494 1462 1557 iam

216 1612 271 1674 uni
295 1610 449 1687 vendidit,
475 1611 566 1675 alteri
599 1630 658 1692 per
688 1611 960 1692 anticipacionem
984 1610 1062 1677 date
1084 1608 1250 1674 vendebat
1261 1603 1287 1672 ¹’.
1336 1608 1372 1672 ln
1395 1626 1463 1687 gra·

217 1726 272 1790 ciis
297 1725 516 1807 expectativiS,
537 1725 826 1803 declaracionibus,
848 1724 1133 1805 surroqacionibus
1151 1725 1185 1789 et
1201 1741 1262 1806 per
1284 1723 1464 1805 imposicio-

217 1850 316 1904 nenic
339 1839 543 1903 silenciorum
568 1840 618 1903 ius
642 1839 838 1920 acquisitum
862 1839 1042 1904 absorbuit.
1088 1838 1207 1904 Multos
1230 1837 1400 1903 transtulit
1420 1838 1465 1902 in·

217 1953 300 2016 vitos
324 1953 365 2016 de
388 1952 530 2016 ecelesiis
555 1953 632 2029 suis,
656 1957 693 2016 ut
717 1952 788 2016 illas
812 1953 857 2017 sic
880 1956 1035 2018 vacantes
1058 1952 1165 2017 carius
1188 1950 1334 2016 vendere
1349 1954 1463 2032 posset.

216 2066 440 2144 Indulgencias
474 2069 506 2130 et
538 2065 690 2147 reliquias
718 2071 906 2131 sanctorum
930 2086 989 2148 pro
1013 2068 1186 2130 numerata
1218 2066 1360 2148 pecunia
1392 2084 1464 2129 ren·

217 2180 317 2257 didit,
350 2180 438 2244 unde
460 2183 560 2261 caput
583 2180 686 2244 sancti
711 2180 864 2244 lobannis
892 2180 1049 2262 Baptiste,
1081 2179 1171 2262 quod
1203 2179 1238 2244 in
1270 2180 1464 2243 monasterio

221 2295 323 2358 sancti
347 2293 502 2375 Sylvestri
525 2292 624 2374 digna
647 2293 861 2358 veneracione
891 2298 1103 2359 conservatur
1125 2293 1242 2369 Rome,
1276 2292 1466 2358 Florentinis

218 2428 277 2489 pro
301 2409 515 2489 quinqaginta
543 2409 672 2472 milibus
707 2409 899 2474 ducatorum
933 2409 1073 2474 vendere
1107 2407 1292 2473 conabatur
1323 2412 1357 2472 et
1389 2407 1465 2483 illos,

218 2523 273 2604 qui
306 2521 368 2586 boc
401 2521 624 2603 prodiderunt,
658 2523 881 2588 incarcerebat
913 2526 946 2587 et
977 2522 1211 2599 tormentabat,
1244 2521 1351 2586 donec
1369 2522 1465 2587 vitam

219 2636 345 2714 magnis
378 2635 522 2715 pecuniis
555 2636 773 2700 redemerunt.
819 2636 901 2701 Item
934 2636 1065 2702 cuidam
1097 2635 1181 2702 laico
1212 2639 1354 2701 uxorato
1382 2635 1466 2701 dedit

219 2754 415 2831 potestatem
440 2750 618 2831 deputandi
647 2750 888 2815 commissarios
920 2749 1080 2815 habentes
1111 2749 1285 2816 fulminare
1317 2769 1467 2815 censuras

219 2864 452 2929 ecclesiasticas
476 2868 590 2928 contra
614 2884 680 2928 non
704 2865 867 2929 solventes
890 2864 952 2929 sibi
975 2869 1081 2930 certus
1103 2864 1271 2946 pecunias,
1304 2884 1390 2947 quas
1412 2884 1467 2929 no·

220 2979 306 3042 mine
339 2997 467 3042 camere
500 2978 677 3058 apostolice
700 2979 733 3041 in
765 2979 912 3060 partibus
944 2977 1126 3044 Brabancie
1161 2981 1194 3043 et
1227 2978 1308 3044 locis
1335 2980 1467 3045 circuni·

220 3092 332 3155 vicinis
355 3091 496 3156 debebat
519 3092 694 3173 postulare,
728 3097 760 3156 et
793 3091 897 3157 eidem
927 3092 1009 3157 laico
1041 3091 1133 3158 dedit
1164 3096 1365 3174 potestatem
1395 3113 1467 3159 con·

220 3205 375 3270 stituendi
399 3206 600 3271 consessores
623 3226 682 3287 pro
707 3210 795 3272 certa
826 3207 963 3289 pecunie
995 3207 1191 3289 quantitate,
1222 3206 1281 3290 qui
1313 3206 1466 3274 baberent

220 3320 449 3386 auctoritatem
473 3320 663 3386 absolvendi
687 3342 707 3386 a
730 3341 816 3404 pena
846 3325 878 3386 et
907 3321 1003 3403 culpa
1030 3320 1223 3387 confitentes
1250 3321 1323 3387 sibi.
1380 3322 1466 3388 Bona

220 3439 252 3499 et
275 3435 496 3517 possessiones
520 3435 696 3499 multarunt
720 3435 928 3501 ecclesiarum
953 3440 985 3501 et
1003 3435 1277 3501 monasteriorum
1295 3433 1365 3502 de‘¹
1385 3436 1467 3502 Urbe

219 3548 365 3613 vendidit
388 3553 420 3614 et
443 3548 606 3613 alienavit.
652 3551 732 3614 ltem
756 3551 993 3632 preceptoriam
1026 3549 1197 3633 hospitalis
1224 3552 1330 3617 sancti
1354 3551 1466 3617 loban-

219 3663 268 3726 nis
294 3663 573 3727 lherosolonitani
597 3664 742 3728 vendidit
775 3664 953 3729 basthardo
986 3666 1070 3746 regis
1092 3664 1181 3746 Cipri
1213 3636 1325 3731 ddhuc
1356 3664 1523 3765 ἰιιῐειιιίἰξῆῑΙ

219 3777 362 3858 quinque
386 3797 546 3842 annorum
572 3783 604 3844 et
628 3779 828 3861 dispensavit
851 3799 974 3858 secum,
1003 3779 1092 3862 quod
1114 3783 1226 3862 posset
1249 3779 1283 3845 in
1307 3779 1361 3847 illa
1384 3784 1466 3846 etate

219 3892 373 3974 proliteri,
399 3893 587 3970 decernens,
621 3893 709 3974 quod
734 3894 787 3958 illa
821 3894 1005 3975 protessi0⁰
1028 3894 1117 3959 illum
1150 3893 1296 3975 obligare
1326 3894 1465 3969 deberet,

219 4005 349 4087 aliaque
360 4003 372 4044 f
396 4008 555 4072 concessit
579 4008 726 4072 inaudita
750 4012 782 4071 et
799 4013 913 4074 contra
933 4009 1055 4073 ordinis
1072 4008 1155 4073 illius
1170 4007 1339 4092 privilegia
1354 4009 1464 4081 eidem

218 4139 278 4201 pro
302 4120 420 4201 quibus
447 4140 600 4200 magnam
624 4123 837 4204 pecuniarum
862 4142 1025 4188 summam
1044 4144 1064 4189 a
1086 4142 1161 4205 rege
1175 4122 1324 4205 predicto
1338 4122 1464 4207 recepit

219 4234 258 4298 Et
282 4233 360 4297 duni
385 4255 405 4298 a
429 4236 584 4315 magistro
608 4237 729 4301 ordinis
762 4237 936 4319 petebatur
968 4237 1030 4303 ista
1062 4256 1228 4316 revocare,
1260 4236 1367 4304 noluit
1397 4256 1465 4303 eou-

309 4451 325 4481 ι
345 4440 533 4494 vocacionibua
553 4440 581 4494 b.
647 4439 710 4495 bet
728 4443 885 4512 plerumque
907 4476 938 4483 -
958 4441 1093 4498 vendebat
1111 4445 1182 4499 duel
1199 4440 1324 4511 (Dmok).
1387 4442 1465 4497 ‘’in-

217 4527 399 4598 posiciouibus
428 4527 492 4584 Pad.
549 4525 564 4566 ‘¹
594 4528 627 4580 ab
655 4528 719 4585 Pad.
775 4541 789 4571 θ
811 4533 906 4583 earlier
933 4548 985 4600 que
1008 4528 1143 4586 conuenit
1169 4530 1378 4585 &meiche-
1404 4524 1464 4585 M

218 4614 230 4656 t·
253 4615 352 4686 illaque
371 4616 437 4670 Pad.
