3390 5160
746 310 938 365 -232-

764 491 860 572 Cap.
895 493 925 555 t.

321 630 607 708 Quemadmodum
631 630 721 694 iuxta
745 630 957 695 tradicionem
983 631 1121 708 illerum,
1145 631 1201 713 qui
1225 630 1322 695 nobis
1346 630 1387 694 de
1401 630 1462 695 rita

216 748 248 807 et
268 745 434 809 miraculis
453 745 556 809 seneli
576 743 784 826 Meynulphi²¹
809 745 929 827 scripta
947 746 1157 828 reliquerant,
1182 745 1251 828 ipse
1274 764 1336 826 per
1358 763 1466 808 cerras

215 858 351 923 taurinas
385 861 415 924 in
451 859 522 924 lece
556 860 617 923 iste
652 859 868 924 instituendas
899 864 930 924 et
962 879 1020 942 per
1052 878 1183 924 cervum
1217 858 1385 923 Christum
1409 858 1465 922 toci

214 973 416 1037 defensorem
441 974 601 1038 visionum
626 973 843 1038 admeneiene
866 974 1086 1055 predictarum
1110 974 1171 1039 sibi
1203 973 1368 1055 designari
1401 992 1466 1037 cre

215 1086 342 1153 diderat
356 1088 390 1170 ¹),
422 1089 469 1153 sic
499 1107 560 1152 nes
602 1107 711 1152 rerum
744 1088 947 1170 experiencia
983 1088 1048 1153 iam
1081 1087 1210 1171 planius
1234 1088 1353 1162 edocti,
1381 1087 1465 1169 quod

215 1202 355 1283 amplius
379 1222 437 1284 per
460 1202 592 1267 easdem
618 1202 758 1267 visiones
780 1201 991 1284 providencia
1015 1203 1126 1269 divina
1150 1202 1304 1284 portendi
1320 1201 1464 1276 voluerit,

214 1336 389 1396 pessumus
414 1317 584 1399 explicare.
631 1316 733 1381 Cerve
757 1316 889 1398 quidem
914 1317 1057 1382 metibus
1080 1316 1248 1383 instabiles
1275 1317 1368 1398 prius
1403 1316 1466 1380 vise

215 1430 293 1494 dum
319 1431 424 1496 lecum
450 1431 514 1496 iam
539 1431 747 1512 reliquerant,
772 1451 887 1496 cervus
910 1431 1039 1512 signum
1063 1431 1166 1497 crucis
1190 1430 1342 1496 baiulans
1366 1449 1465 1512 appa·

215 1546 289 1609 ruit.
335 1546 388 1610 Sic
411 1549 587 1627 postquam
612 1545 720 1609 lecum
743 1545 841 1609 istum
865 1545 983 1610 femine
1016 1549 1134 1611 nature
1158 1565 1217 1612 sue
1241 1545 1397 1610 instinctu
1421 1545 1465 1608 in·

215 1659 357 1736 stabiles,
387 1658 482 1724 huius
510 1659 614 1724 saneti
646 1659 705 1722 viri
739 1659 886 1724 venerari
910 1659 1108 1741 negligentes
1137 1660 1264 1738 merita,
1288 1659 1466 1741 derelique-

217 1778 301 1851 rant,
335 1773 435 1837 virilis
463 1794 560 1838 sexus
584 1773 715 1855 spiritus
739 1773 891 1838 instinctu
915 1774 1050 1852 stabilis,
1083 1774 1218 1840 laudare
1241 1773 1414 1839 deminum
1437 1774 1466 1837 in

216 1888 336 1953 sanctis
360 1887 426 1951 suis
450 1888 555 1966 abilis,
580 1886 744 1953 Christum
768 1907 909 1970 sequens
932 1888 994 1952 sub
1017 1907 1117 1954 onere
1139 1884 1269 1954 erucisb
1295 1888 1329 1953 in
1353 1888 1465 1953 eodem

217 2001 287 2066 loce
312 2002 376 2066 iam
401 2002 555 2066 successit
578 2002 714 2066 seminis,

322 2117 501 2198 Postquam
526 2116 611 2181 enim
635 2115 770 2181 ecclesia
789 2115 987 2180 Budecensis
1019 2135 1078 2180 seu
1111 2116 1205 2181 eius⁰
1233 2119 1466 2181 monasterium

216 2251 401 2312 perennes
425 2230 551 2294 circiter
574 2231 768 2312 quingentos
792 2230 1030 2312 quinquaginta
1053 2230 1115 2295 sub
1143 2231 1309 2311 regiminis
1340 2232 1467 2296 feminei

216 2346 388 2425 fragilitate
413 2348 557 2421 steterat,
584 2344 761 2409 declinacio
785 2345 854 2409 eius
878 2344 942 2408 iam
967 2344 1062 2409 annis
1091 2345 1283 2411 continuata
1311 2347 1466 2428 plurimis,

216 2463 341 2525 tantam
367 2460 521 2539 vergebat
544 2459 576 2522 in
601 2458 775 2534 miseriam,
805 2458 893 2540 qued
919 2458 1054 2524 ecclesia
1078 2478 1151 2524 eum
1175 2462 1246 2525 tete
1269 2461 1467 2525 monestede

217 2576 365 2640 incendio
390 2578 520 2639 vastata
544 2574 737 2639 rusticorum
767 2573 995 2639 dormitorium
1028 2577 1061 2639 et
1088 2574 1276 2655 granarium
1301 2579 1335 2640 et
1358 2577 1469 2641 bruto-

219 2710 291 2754 rum
325 2689 515 2754 animalium
549 2687 715 2753 stabulum
748 2693 797 2754 est
829 2690 954 2754 effecta.
1010 2687 1240 2755 Pavimentum
1278 2689 1350 2755 eius
1393 2694 1469 2756 timo

218 2805 395 2870 bestiarum
420 2803 559 2867 duorum
584 2803 705 2885 pedum
729 2803 899 2868 altitudine
922 2822 997 2867 cum
1021 2803 1195 2884 egestionis
1213 2803 1357 2885 ingluvie
1377 2806 1468 2889 quasi

219 2940 277 3002 per
300 2923 404 2983 telum
429 2919 489 2982 tuit
521 2922 722 3000 coepertum.
770 2917 852 2982 Muri
886 2922 919 2982 et
951 2914 1158 2983 testudines‘¹
1191 2919 1261 2983 eius
1296 2938 1365 2985 una
1396 2940 1468 2986 eum

219 3035 298 3099 turri
323 3033 478 3097 imbribus
501 3036 652 3115 patentes
682 3036 714 3096 et
737 3031 866 3095 nivibus
889 3031 1001 3098 decem
1027 3036 1060 3097 et
1082 3036 1156 3099 ecto
1180 3033 1276 3098 annis
1308 3035 1469 3100 continuis

217 3148 377 3213 stillicidia
401 3168 436 3210 se
460 3146 667 3228 penetrancia
696 3146 897 3224 tollerarunt,
921 3146 990 3211 sela
1014 3146 1068 3212 illa
1099 3150 1203 3230 parte,
1237 3167 1302 3231 que
1334 3148 1468 3215 elremm

219 3263 409 3328 continebat
433 3262 567 3344 eiusque
592 3263 705 3338 latera,
730 3262 763 3326 in
787 3265 873 3326 tecto
898 3262 1084 3327 reformata.
1117 3263 1253 3341 Calices,
1277 3263 1362 3343 libri,
1383 3285 1469 3331 carn·

218 3397 303 3460 pane
326 3381 358 3441 et
382 3380 576 3440 ornamenta
600 3376 700 3453 varia,
725 3395 851 3452 census,
875 3375 1032 3454 redditus,
1059 3376 1148 3442 bena
1167 3376 1349 3443 immobilia
1371 3385 1469 3463 atque

218 3493 288 3556 iura
314 3491 413 3571 ipsius
437 3494 494 3554 aut
513 3491 712 3555 vendicionis
731 3490 802 3554 vel⁰
818 3487 1123 3571 impigneracienis‘
1139 3491 1234 3557 titulo
1252 3498 1288 3559 et
1306 3513 1469 3560 aeneum·

218 3626 316 3688 qutun
342 3606 427 3677 furti,
461 3605 573 3686 rapine
607 3609 663 3668 aut
702 3605 927 3686 usurpacionis
966 3605 1171 3672 fraudulente
1209 3606 1293 3673 vicio
1329 3609 1467 3675 vicissim

218 3720 359 3784 alienata
383 3720 522 3783 irrorent.
571 3718 643 3782 Non
667 3722 870 3784 remanserat
893 3718 1027 3784 tandem
1052 3719 1214 3786 edificium
1248 3740 1290 3787 ex
1322 3721 1379 3787 illo
1401 3726 1468 3789 tete

219 3835 416 3899 monasterie
451 3839 481 3898 el
516 3834 722 3915 pertinenciis
756 3834 856 3915 ipsius
889 3833 1050 3912 omnibus,
1085 3853 1151 3917 quo
1182 3855 1203 3900 a
1236 3836 1469 3903 molestacieee

217 3950 325 4031 pluvie
350 3949 398 4013 vel
424 3949 548 4013 fervore
572 3949 648 4012 solis
672 3969 707 4012 se
731 3952 841 4029 posset
864 3949 964 4012 home
989 3949 1082 4027 tueri,
1102 3952 1314 4033 preterquam
1329 3951 1469 4019 domun·

218 4064 289 4127 cula
313 4063 464 4144 quedam,
490 4063 521 4125 in
547 4081 611 4172 qpa
635 4063 704 4128 sela
729 4062 895 4128 abbatissa
910 4062 934 4144 ²)
950 4082 1022 4127 cum
1048 4062 1170 4130 famula
1192 4065 1312 4145 mandi
1330 4066 1469 4148 degebat

218 4178 279 4242 sub
303 4197 472 4259 erumpna.
519 4177 662 4240 Arbores
682 4181 714 4241 et
730 4177 865 4242 arbusta
888 4176 920 4241 in
944 4176 1076 4259 capellis
1094 4178 1174 4256 eius,
1193 4196 1337 4262 quarm
1358 4180 1469 4248 introi·

306 4378 321 4404 u
340 4368 501 4431 pila-elmlea
519 4364 677 4434 bieynulphi
691 4364 720 4418 Τ.
778 4364 793 4403 b
812 4366 901 4419 crucis
914 4365 964 4420 sub
978 4382 1059 4420 onere
1071 4369 1120 4420 mit
1134 4368 1427 4439 Umoteltnmeietm
1439 4368 1469 4425 Ι.

217 4468 230 4494 ⁰
257 4454 341 4506 eriam
360 4453 390 4506 Τ.
446 4453 460 4492 ¹¹
480 4453 654 4507 testitudineo
672 4453 701 4506 T.
758 4466 771 4494 a
794 4458 842 4507 aut
858 4454 889 4508 T.
945 4452 958 4494 f
983 4453 1221 4525 impignmeionit
1239 4454 1271 4511 B.

310 4611 328 4673 ¹)
351 4613 434 4678 l'rrgl.
447 4608 512 4663 Vite
526 4609 612 4663 sancti
628 4608 749 4663 blainulti
763 4609 833 4664 bien.
849 4609 938 4665 Germ.
953 4609 998 4666 88.
1013 4610 1075 4679 XV,
1092 4612 1121 4667 S.
1132 4614 1192 4667 405.
1206 4610 1277 4680 -’)
1302 4615 1468 4685 walpurgis.
