3390 5160
750 335 939 392 -242-

215 492 302 573 iipati
337 497 369 558 et
407 493 523 575 captivi
548 497 624 557 snnt
648 493 779 558 abducti
795 493 828 575 ¹).
883 492 941 556 His
978 492 1130 558 omnibus
1163 509 1230 555 non
1264 486 1478 555 obstantibus

213 613 441 690 prosperatum
467 613 515 671 est
538 627 621 690 opus
646 609 677 671 in
702 608 854 673 manibus
878 628 991 673 eorum
1015 607 1143 671 duobus
1159 606 1335 670 dumtaxat
1358 605 1402 669 ab
1427 605 1474 667 eis

215 723 451 799 recedentibus,
477 724 581 804 quisi
606 722 741 787 fuissent
765 743 802 786 ex
828 723 884 799 eiS,
909 723 1043 786 minime
1066 720 1285 786 recessissent.
1323 718 1387 797 Qui
1414 718 1473 798 igi·

215 843 267 900 tur
291 839 351 901 snb
376 857 474 919 opere
503 857 563 901 suo
596 857 652 902 eos
684 837 837 918 temptari
862 837 1018 918 permisit,
1050 855 1117 900 non
1149 854 1206 900 eos
1239 833 1336 909 ultra,
1370 852 1472 916 quam

216 954 303 1034 ipses
322 964 441 1033 possen
462 952 596 1015 sufferre
611 956 758 1029 neverat,
774 952 926 1033 temptari
944 951 1045 1015 votuit
1064 955 1097 1014 et
1111 949 1294 1015 evidentem
1311 949 1377 1012 iam
1399 948 1474 1012 tecit

216 1067 307 1131 iactis
331 1068 561 1131 attestantibus
585 1086 658 1130 cum
680 1067 899 1148 temptacione
919 1061 1137 1147 protectumb.
1173 1063 1366 1130 Transactis
1380 1064 1473 1144 equi·

215 1182 288 1244 dem
320 1182 523 1262 tempestatis
551 1182 675 1262 pretate
710 1182 912 1262 fratrumque
953 1181 1074 1244 laboris
1106 1179 1201 1245 annis
1233 1182 1372 1261 septem,
1416 1179 1472 1259 qui

215 1297 297 1360 mari
335 1297 509 1360 terminum
543 1297 719 1373 constituit,
757 1297 871 1360 statuit
908 1295 1084 1377 procellam
1122 1295 1191 1359 eius
1228 1264 1417 1367 inauram,
1440 1297 1472 1356 et

215 1412 372 1475 siluerunt
397 1413 514 1475 fluctus
538 1413 616 1475 eius
664 1411 747 1476 Nam
773 1411 876 1488 multi,
901 1411 957 1492 qui
981 1411 1111 1475 fuerunt
1143 1409 1281 1475 fratrum
1305 1408 1472 1472 detracto-

219 1546 270 1590 res
290 1527 436 1603 istorum,
456 1547 529 1591 cum
551 1547 606 1591 eos
627 1526 849 1590 ntaledictum⁰
872 1544 932 1607 pro
952 1523 1126 1590 maledicto
1149 1523 1269 1588 reterre
1291 1541 1360 1587 non
1379 1520 1471 1587 vide·

218 1647 302 1719 rant,
327 1643 404 1705 iilud
429 1643 611 1706 humilitate
635 1646 667 1706 et
679 1639 693 1680 ‘¹
714 1643 880 1722 paciencia
900 1662 996 1723 posse
1015 1641 1095 1717 fieri,
1115 1639 1203 1722 quod
1222 1639 1331 1720 tingue
1353 1638 1471 1720 loqua-

215 1756 313 1820 citate
336 1756 386 1819 vel
412 1757 532 1820 viribus
555 1757 719 1839 corporeis
743 1755 880 1820 obtineri
901 1775 967 1820 non
987 1755 1107 1836 poterit
1130 1753 1216 1820 tacto
1236 1756 1473 1835 protestantes,

217 1871 291 1934 sacti
325 1876 401 1933 sunt
434 1876 538 1934 status
571 1891 684 1934 eorum
722 1870 952 1952 predicatores.
999 1869 1046 1933 liii
1070 1869 1127 1951 qui
1149 1869 1303 1933 iuerant⁰
1326 1867 1472 1950 ipsorum

215 1985 393 2048 offensores
416 1986 478 2050 iam
501 1984 575 2050 iacti
595 1989 670 2048 sunt
690 2005 801 2048 eorum
827 1985 1032 2059 defensorem
1066 1983 1243 2048 muitarum
1257 1981 1267 2018 r
1295 1981 1472 2047 crudelitas

216 2119 309 2163 versa
334 2105 382 2163 est
407 2100 615 2180 inpietatem
641 2105 673 2163 et
705 2100 878 2163 austeritas
911 2104 1039 2163 mutata
1071 2103 1120 2163 est
1159 2098 1192 2162 in
1224 2097 1470 2177 benignitatem.

217 2214 255 2276 Et
279 2215 333 2296 qui
357 2214 398 2276 de
421 2234 534 2277 eorum
558 2215 745 2295 gaudebant
769 2213 890 2295 spoliis
925 2233 1010 2278 nuuc
1033 2213 1180 2278 dolentes
1211 2213 1253 2277 de
1287 2211 1472 2277 commissis

216 2350 250 2392 se
274 2329 334 2390 ittis
358 2330 473 2393 adesse
497 2329 658 2409 spmutent
682 2329 857 2409 obsequiis,
909 2327 973 2405 Qui
1004 2327 1046 2392 de
1078 2327 1187 2410 predis
1219 2326 1360 2393 aliorum
1393 2323 1470 2389 totis

216 2441 330 2505 diebus
353 2442 567 2521 gratulantur,
588 2442 821 2523 depredatores
845 2443 993 2516 istorum,
1021 2441 1155 2522 siquos
1187 2439 1381 2515 invenerint,
1415 2457 1470 2502 ex·

216 2560 377 2622 ecrantur.
423 2557 581 2634 Quamvis
605 2557 701 2637 igitur
724 2557 813 2622 loeus
837 2557 898 2622 iste
920 2575 1071 2638 perverse
1098 2556 1245 2622 nacionis
1267 2555 1416 2621 consistit
1438 2554 1471 2618 in

217 2670 324 2734 aredio
349 2675 583 2752 raptorumque
606 2675 638 2734 et
661 2669 842 2752 predonum
868 2670 1014 2734 eircumss
1038 2670 1128 2734 iilum
1151 2671 1234 2736 fiunt
1257 2670 1391 2735 cottidie
1413 2688 1472 2752 per

216 2805 295 2849 arva
319 2785 483 2849 discursus
495 2781 522 2863 ¹¹,
546 2786 629 2850 adeo
661 2790 771 2850 tamen
800 2786 884 2849 inter
906 2789 957 2850 tot
980 2785 1120 2852 adversa
1143 2788 1304 2868 tantaque
1326 2785 1471 2868 pericula

215 2900 355 2962 Domino
380 2900 574 2981 disponente
597 2900 743 2982 proiecit,
778 2899 865 2982 quod
890 2920 1027 2965 numero
1050 2919 1265 2983 personarum
1298 2900 1472 2966 sufficienti

216 3015 366 3078 suffultus
396 3014 645 3096 particularibus
681 3015 760 3079 locis
792 3015 892 3096 ipsius
936 3015 1026 3082 iuxta
1066 3015 1229 3096 religionis
1269 3015 1472 3097 exigenciam

217 3130 386 3211 oportunis
423 3149 482 3210 pro
515 3129 619 3210 primo
653 3130 883 3193 convenienter
914 3129 1036 3210 aptatis
1068 3128 1281 3196 observancia
1312 3130 1472 3211 regularis

218 3245 306 3308 iuxta
339 3245 548 3325 propositum¹
573 3244 788 3308 institucionis
820 3244 947 3309 novelle
979 3244 1165 3327 supradicte
1195 3244 1262 3309 iam
1290 3264 1381 3310 anno
1412 3244 1472 3311 do·

217 3359 334 3422 minice
358 3359 535 3424 nativitatis
564 3360 645 3423 1417
671 3360 711 3423 dc
735 3380 847 3424 iriense
871 3358 951 3423 iunii
980 3359 1066 3440 viget
1094 3358 1214 3425 ibidem
1245 3363 1349 3442 atque
1380 3360 1472 3425 iocus

219 3474 286 3554 ipse
310 3493 374 3535 non
400 3474 504 3536 sotum
528 3474 571 3537 ab
595 3473 654 3546 his,
679 3475 734 3555 qui
753 3493 856 3556 prope
879 3479 965 3552 sunt,
985 3495 1099 3539 verum
1123 3475 1226 3540 eciam
1249 3473 1391 3553 abillis,
1415 3477 1471 3558 qui

218 3588 313 3665 iturae
337 3592 422 3664 srrnt,
448 3588 652 3652 venerandus
676 3589 824 3654 babetur.
873 3590 967 3655 Unde
991 3589 1241 3669 evidentissime,
1265 3608 1309 3655 an
1334 3610 1374 3655 ex
1402 3590 1472 3657 Deo

218 3704 265 3766 ret
290 3699 350 3766 abi
379 3703 564 3767 homiuibus
589 3703 681 3767 inerit
706 3704 768 3770 hoc
792 3725 885 3787 opus,
910 3710 1058 3787 apparet.
1100 3705 1203 3771 Porro
1226 3705 1254 3771 si
1277 3703 1396 3772 iratres
1420 3707 1470 3771 isti

217 3819 324 3900 plnres
349 3818 454 3881 adiuro
480 3819 601 3883 liabent
626 3825 658 3883 et
682 3820 849 3884 habebunt
873 3821 1008 3898 emulos
1032 3840 1130 3886 nemo
1153 3821 1300 3901 miretur,
1318 3840 1395 3887 cum
1415 3823 1471 3887 biii

217 3931 336 3998 israhel
362 3932 469 4012 piru-es
494 3954 532 3996 ex
556 3935 706 4009 uentibus
731 3935 763 3998 in
788 3939 885 4011 terra,
905 3954 1006 4016 quam
1025 3935 1178 4000 dominus
1197 3935 1284 4002 neus
1302 3935 1394 4002 dedit
1412 3938 1470 4013 eis,

219 4043 430 4110 tolerabantk
453 4047 552 4111 irn’iti.
592 4048 766 4125 Quomodo
790 4048 871 4113 alias
894 4048 1013 4113 Christi
1037 4050 1217 4116 imitatores
1240 4049 1471 4133 probarentur,

306 4238 321 4266 ἢ
342 4228 412 4277 demi
431 4224 461 4278 T.
519 4222 829 4293 bproventu111T.B.;
859 4228 926 4279 rerich
959 4230 986 4278 in
1016 4224 1046 4279 Ε.
1074 4245 1118 4279 nm
1146 4228 1244 4281 Raude
1269 4244 1320 4281 aon
1346 4234 1471 4297 epdtmr

218 4316 308 4368 [land.
356 4326 369 4352 ⁰·
391 4312 564 4366 meledictum
586 4313 614 4367 B.
661 4312 676 4352 ‘l
697 4317 767 4366 ‹tt-mr
786 4313 817 4367 Τ.
864 4326 878 4355 ⁶
900 4315 1009 4369 fuerunt
1027 4313 1057 4368 Τ.
1104 4310 1118 4355 f
1142 4311 1230 4370 mulie
1246 4312 1279 4369 Τ.
1315 4326 1333 4366 Ι
1349 4313 1467 4371 eim'f.

218 4400 233 4442 ¹¹
253 4402 382 4456 decursus
403 4401 431 4455 B.
489 4398 494 4439 i
524 4404 593 4453 dcem
614 4401 643 4456 '1'.
700 4400 714 4442 it
736 4401 898 4457 tollerubuni
917 4403 947 4456 Τ.

309 4563 326 4627 ¹)
346 4568 381 4614 So
401 4565 492 4628 rrpiup
512 4580 537 4614 ra
561 4565 700 4614 Jotruunru
725 4565 903 4616 Kilrerurmnn
928 4567 986 4617 itud
1012 4564 1152 4618 Jobonm
1168 4562 1282 4619 Mu.
1317 4560 1467 4619 W

219 4651 389 4705 Bcedecem
408 4658 436 4705 δ’.
457 4656 499 4702 36.
