3390 5160
756 352 933 410 ..29-

220 508 432 576 exatiacioois
456 516 567 575 sancte
591 511 713 577 Crucis,
738 522 827 593 quot
848 511 963 575 cedern
988 512 1057 576 dies
1080 516 1195 577 octnvu
1221 531 1350 595 semper
1381 530 1477 577 occu-

217 625 268 691 rit.
293 625 496 702 serrabatur,
520 629 618 706 prout
641 630 731 706 patet
756 626 787 689 iu
813 626 922 689 inultis
942 627 1029 690 tibris
1060 627 1160 708 ipsius
1184 627 1327 703 ecclesie,
1362 632 1393 690 et
1418 645 1474 691 ea·

217 740 293 805 dem
317 740 387 803 dies
415 744 463 803 est
485 739 568 804 xvu
596 740 665 804 Kal.
691 741 852 811 Octobris,
886 746 917 802 ut
953 745 1044 822 patet
1076 740 1204 804 cuilibet
1242 741 1473 806 consideranti.

326 852 552 922 bteynwercus
571 854 714 923 episcopus
732 871 846 923 sperans
869 872 899 907 se
918 854 952 906 ab
972 854 1132 923 imperatore
1152 852 1259 907 Erwets
1284 871 1354 907 cuni
1374 855 1476 923 perti·
1493 857 1670 905 dminus

218 950 349 1004 uenciia
374 951 445 1004 suis
474 950 705 1012 obtenturum,
738 950 776 1004 ad
805 950 1016 1004 dedicocioneni
1045 951 1189 1005 ecclesie
1217 969 1274 1004 sue
1301 956 1479 1005 memorate

219 1049 455 1118 imperatorem
475 1048 632 1117 precibus
652 1048 822 1101 invitavit.
860 1047 921 1100 sed
942 1048 1123 1118 imperator
1143 1049 1273 1102 taciens
1291 1047 1478 1117 expeditio·

219 1162 291 1199 uem
311 1146 344 1199 in
364 1145 516 1199 t'oloniam
536 1145 744 1199 dedicacioui
765 1146 896 1199 interesse
915 1163 967 1198 non
987 1145 1095 1214 potuit.
1125 1146 1230 1209 Qusre
1250 1145 1478 1214 tdeynwercus
1534 1195 1592 1235 lm

219 1245 380 1313 temporis
399 1243 651 1314 opportunitate
671 1247 805 1313 captata
825 1243 854 1296 in
884 1246 980 1296 nocte
999 1243 1197 1296 nativitatis
1216 1241 1347 1296 Christi
1375 1243 1477 1296 inter·
1493 1244 1679 1288 Uictum-

219 1350 321 1395 ventu
349 1340 478 1395 domine
507 1340 705 1410 Koniguude
734 1341 980 1410 imperatricis.
1010 1357 1078 1393 cum
1107 1342 1289 1410 imperator
1308 1341 1339 1394 in
1361 1341 1479 1394 t'ader-

218 1439 319 1493 borne
346 1439 563 1494 nativitatem
594 1439 721 1493 Domini
752 1438 955 1499 celebraret,
985 1437 1114 1491 Eruete
1134 1437 1172 1491 ab
1202 1438 1402 1508 imperatore
1429 1456 1479 1493 ec·

219 1536 327 1591 clesie
354 1554 412 1590 sue
441 1536 558 1590 donari
587 1536 745 1590 obtinuit.
784 1528 852 1592 tior·
878 1533 1025 1609 tetrtporc
1049 1535 1275 1604 Meynwercus
1299 1535 1478 1605 episcopus

220 1633 329 1687 votuit
358 1634 596 1687 monasterium
626 1634 809 1687 corbiense
836 1652 938 1687 causa
965 1631 1214 1687 correctioniat
1244 1633 1402 1700 i·isitare;
1422 1634 1680 1688 sedV.tteiaw.t⁴⁵·

222 1728 302 1783 Wato
321 1729 597 1800 ahbasepiacopo
617 1731 757 1784 restitit.
796 1732 902 1794 Quare.
931 1731 968 1784 ad
990 1731 1190 1784 instanciam
1215 1731 1366 1801 episcopi
1395 1731 1480 1785 abbas

220 1827 261 1881 ab
280 1827 484 1896 imperatore
515 1828 553 1881 ab
586 1826 899 1896 abbaciadepositus
931 1832 991 1881 est.
1029 1826 1068 1880 Et
1100 1827 1175 1881 inde
1195 1831 1311 1897 postea
1339 1828 1479 1892 accidit,

219 1922 456 1993 quodquidam
476 1923 657 1977 menachus
675 1922 795 1977 eiusdem
816 1924 1032 1983 monasterii.
1063 1924 1132 1977 Boeo
1151 1924 1266 1987 nomine,
1286 1924 1480 1995 episcopum

220 2019 385 2074 colentem
415 2020 536 2074 ibidem
565 2020 703 2090 quadarn
734 2021 807 2073 vice
835 2020 1008 2074 celebrare
1042 2021 1214 2089 prohibuit
1257 2027 1290 2075 at
1324 2038 1478 2091 prepara·

221 2123 330 2172 menta
362 2117 483 2172 attaris
515 2119 658 2188 abjecit,
692 2136 793 2188 quare
826 2119 1005 2189 episcopus
1033 2118 1067 2172 ad
1095 2119 1212 2173 tribunal
1241 2119 1342 2172 Christi
1371 2129 1679 2175 mona-Vmerorum.

219 2215 313 2270 chum
338 2216 470 2271 citavit.
509 2215 598 2270 Unde
626 2220 769 2286 postw
804 2217 946 2276 accidit.
975 2217 1060 2286 quod
1089 2216 1184 2270 eadem
1203 2215 1277 2280 hora,
1306 2234 1360 2286 qua
1378 2217 1478 2287 episce

221 2330 273 2383 pus
290 2311 455 2376 decessit,
483 2313 537 2367 hic
553 2313 623 2368 iteso
641 2313 701 2367 sub
721 2313 872 2368 manibus
891 2313 1043 2367 radentis
1061 2314 1126 2367 sibi
1147 2313 1279 2368 barbam
1300 2313 1479 2369 subitanea

220 2425 325 2474 morto
353 2417 488 2473 defecit.
557 2413 636 2476 ltern
684 2413 800 2492 tegitur
837 2414 878 2477 de
915 2413 1030 2477 eodeni
1070 2413 1272 2495 Meynwereo
1312 2413 1477 2495 episcopo,

221 2525 306 2596 quod
326 2523 398 2578 dum
418 2525 556 2594 quadam
576 2526 648 2579 vice
667 2531 794 2595 septeni
824 2526 888 2579 viri
916 2526 947 2579 in
976 2526 1104 2580 diocesi
1128 2526 1341 2581 'traiectensi
1360 2533 1678 2581 eontravxeinmm.

221 2639 292 2676 eum
325 2640 424 2694 super
456 2622 652 2692 quibusdam
685 2622 959 2692 possessionibus
1000 2626 1108 2676 testes
1150 2622 1414 2692 producerentur
1446 2628 1479 2676 et

221 2735 323 2789 super
341 2719 505 2789 reliquias
523 2724 713 2773 sanctorum
733 2720 782 2773 eis
801 2718 998 2772 exhibitas·¹
1029 2719 1148 2773 telauru
1170 2720 1281 2773 iurare
1309 2736 1478 2788 presume-

223 2823 309 2877 rent.
330 2817 559 2887 Meynsercus
577 2817 709 2871 eductis
728 2817 851 2887 reliquiis
870 2822 1025 2871 sanctorum
1046 2817 1119 2870 Petri
1140 2822 1166 2870 et
1187 2817 1263 2871 t’auti
1283 2823 1365 2887 atque
1385 2818 1478 2879 ittasii,

222 2931 304 2984 quas
332 2932 439 2969 secum
468 2914 651 2975 attulerat,
684 2931 765 2984 super
795 2914 872 2968 illas
900 2914 1030 2967 eosdem
1070 2915 1179 2968 iurare
1218 2916 1379 2984 poposcit.
1417 2916 1477 2979 Qui

222 3029 292 3067 eum
311 3011 603 3081 digitiaexteutis
632 3029 732 3082 super
760 3013 883 3066 eisdem
913 3013 1072 3082 reliquiis
1105 3018 1228 3067 temere
1267 3015 1476 3075 iuraverunt,

222 3116 364 3179 quatuor
382 3126 494 3164 eorum
513 3109 599 3163 ocutis
627 3109 765 3163 amissis
794 3109 916 3179 retiqui
947 3115 1017 3163 tres
1045 3111 1267 3164 arefactionis
1295 3111 1475 3179 digitorum

223 3206 305 3276 ptaga
329 3207 480 3276 percussi
500 3211 585 3260 sunt.
624 3206 853 3275 tdeynwsrcus
882 3207 978 3276 piprdo
1007 3206 1175 3260 habitanti
1197 3207 1227 3260 in
1246 3207 1475 3265 zothiurihene.
1494 3221 1672 3267 [uetuerat

222 3304 276 3375 qui
296 3322 333 3357 eo
351 3309 499 3374 tempore
518 3303 698 3373 spectabat
729 3303 767 3357 sd
796 3303 957 3358 eccclesiam
991 3305 1133 3358 sorensem
1164 3306 1262 3358 sitam
1294 3305 1323 3359 in
1359 3306 1476 3359 i'ader·

222 3411 339 3471 borae.
364 3403 568 3486 proptervie
601 3402 836 3483 longitudinem
872 3410 1016 3464 indulsit
1063 3411 1204 3464 eclesiam
1243 3411 1408 3466 edificare
1446 3412 1477 3465 iu

222 3516 356 3589 predio,
379 3516 464 3586 quod
484 3517 544 3570 iarn
563 3517 735 3570 concessit
754 3517 785 3570 iu
805 3516 912 3570 dotem
942 3517 1071 3586 capelle
1100 3519 1210 3571 sancti
1241 3517 1415 3572 Benedicti
1445 3518 1476 3571 in

223 3614 437 3670 Paderborne
462 3632 479 3668 a
505 3632 540 3668 se
558 3619 767 3672 constructe.
787 3621 817 3667 et
838 3614 922 3684 quiid
943 3614 1045 3668 abbas
1073 3614 1213 3669 heberet
1232 3616 1476 3686 proprietatem

221 3724 279 3772 scu
315 3705 365 3769 ius
397 3709 590 3786 potronatus
629 3712 722 3766 iltius
751 3713 913 3773 ecclesie,
942 3712 1048 3766 hanno
1080 3718 1190 3767 tamon
1225 3715 1289 3784 ipsi
1321 3715 1477 3784 episcopo

221 3822 407 3874 reservato.
433 3817 471 3871 lit
491 3819 521 3872 in
541 3817 651 3871 eodem
672 3819 742 3872 loco
762 3823 879 3887 postea
898 3836 914 3871 :i
935 3819 1229 3888 qrsodemtt'ottango
1244 3819 1478 3891 ecclesisiapidca

223 3918 381 3971 constructa
399 3918 459 3969 est.
479 3931 572 3984 quam
594 3913 680 3967 Rotho
699 3915 842 3984 episcopus
860 3932 1000 3968 successor
1019 3915 1182 3985 Mcynwerci
1200 3916 1368 3969 inhonorem
1388 3917 1475 3970 sancti

221 4020 295 4075 iroth
314 4020 451 4074 dedimus
484 4017 516 4077 et
539 4012 635 4075 troius
664 4013 796 4076 ecclesie
830 4013 913 4076 inuri
939 4014 1107 4094 usquead
1134 4020 1281 4096 tenuiore
1307 4021 1418 4079 nostru
1444 4016 1476 4079 in

222 4128 338 4193 eodem
373 4128 443 4193 ioco
476 4128 662 4210 persistunt.
712 4128 756 4191 Ex
795 4129 946 4210 predictis
980 4134 1080 4210 patet.
1125 4130 1212 4211 quiid
1244 4130 1317 4194 rittu
1356 4129 1477 4194 North·

222 4243 366 4307 horchen
389 4242 432 4307 ad
456 4243 676 4307 dittereudoui
702 4243 792 4306 istius
817 4243 1044 4308 Zuthborchen
1071 4245 1168 4307 niodo
1193 4246 1329 4311 desolati
1356 4266 1475 4309 nornen

331 4503 347 4533 ⁸
376 4508 446 4561 qaae
478 4491 601 4546 iDrocht.
711 4489 933 4561 bcorrepcionio
966 4491 1030 4546 Pad.
1064 4492 1091 4546 1..
1138 4494 1317 4562 corruptionis
1355 4491 1475 4558 (Druck).

224 4594 238 4617 r
261 4583 333 4632 decet
357 4578 417 4634 Par.
489 4578 676 4649 eprohibitas
695 4579 755 4633 Par.
830 4596 843 4617 ··
864 4579 1030 4633 Zuttmrchen
1056 4580 1119 4635 i'ad.
