3390 5160
744 309 938 363 ..122-

146 535 151 544 ¹
216 464 287 526 tacii
313 483 398 544 pape
422 464 616 526 successoris
642 464 808 529 inmediati
832 465 955 529 domini
980 463 1102 528 Urbani
1119 463 1260 528 intellexi
1276 462 1468 544 aquodam,

217 579 271 659 qui
299 578 379 639 dixit
402 596 436 639 se
461 597 572 640 eorum
598 579 762 658 sepulture
786 583 971 659 presentem
995 579 1102 654 luisse,
1136 577 1225 659 quod
1255 578 1315 659 ipsi
1341 578 1374 640 in
1398 598 1470 641 car·

216 712 288 755 cere
304 691 437 769 iugulati
457 696 489 753 et
509 693 540 754 in
560 692 689 756 stabulo
711 704 896 775 equorum³
916 694 1000 757 clam
1021 696 1120 757 noctu
1136 688 1282 774 sepultib
1301 693 1424 756 suerint
1438 693 1472 764 ll.

216 805 281 868 Sed
306 805 457 867 dominus
482 805 588 868 Adam
614 806 788 870 cardinalis
812 807 852 869 de
876 807 993 887 Anglia
1017 826 1056 869 ex
1078 807 1185 870 causis
1200 806 1353 887 superius
1378 805 1475 870 dictis

218 920 309 981 virus
333 923 518 982 reservatus
546 924 604 983 est.

325 1032 472 1096 Eodemc
496 1037 643 1114 [empore
666 1035 800 1115 quidam
825 1035 874 1098 vir
897 1035 997 1098 lanne
1021 1033 1191 1110 habitarit,
1216 1034 1271 1116 qui
1296 1033 1375 1098 licet
1398 1035 1478 1097 abs·

216 1166 280 1227 que
305 1147 456 1209 manibus
480 1151 576 1210 natus
601 1151 671 1211 erat
695 1153 824 1212 etcum
848 1148 910 1212 boc
943 1149 1079 1229 pedibus
1103 1147 1266 1211 ambobus
1299 1168 1321 1212 a
1355 1148 1478 1211 nativi·

217 1266 284 1324 tate
317 1261 432 1336 caruit,
467 1261 655 1340 lagunculas
688 1282 801 1339 novas,
836 1282 900 1344 que
932 1263 1047 1328 barilia
1071 1262 1167 1342 vulgo
1192 1266 1366 1336 vocantur,
1401 1262 1479 1327 lecit

216 1395 315 1457 opere
339 1376 528 1441 mechanico
553 1381 620 1440 tarn
645 1377 760 1454 bonas,
794 1378 887 1458 quasi
911 1377 1027 1442 ambas
1050 1395 1169 1442 manus
1201 1376 1351 1453 haberet,
1386 1377 1481 1458 quod

216 1489 409 1552 multociens
443 1507 503 1568 ego
537 1509 672 1554 cernens
705 1491 747 1555 ab
781 1510 820 1555 eo
854 1490 933 1566 lieri,
967 1510 1033 1554 non
1057 1490 1162 1555 solum
1188 1490 1221 1555 in
1245 1509 1349 1572 opere
1373 1490 1480 1572 ipsius

216 1604 421 1679 ammiratus
447 1624 559 1668 verum
585 1605 687 1670 eciam
722 1605 810 1686 quod
826 1606 909 1687 ipse
932 1605 1084 1671 manibus
1108 1610 1141 1670 et
1164 1624 1238 1670 cum
1263 1604 1328 1668 boc
1355 1625 1482 1684 magna

216 1723 310 1799 parte
334 1718 458 1782 brachii
483 1719 566 1783 inter
589 1719 732 1782 cubitum
759 1724 791 1783 et
815 1739 949 1783 manum
974 1739 1013 1784 ex
1046 1724 1186 1801 utroque
1218 1718 1324 1784 latere
1359 1739 1482 1784 careus

217 1833 304 1896 illam
329 1837 433 1896 artem
458 1838 656 1914 attemptare
680 1835 887 1915 presumpsit.
943 1834 1047 1912 Quem
1082 1835 1186 1898 eciam
1221 1834 1381 1897 dominus
1418 1834 1483 1898 Ur·

216 1948 321 2012 banus
345 1967 432 2029 papa
456 1948 499 2012 ad
523 1968 558 2011 se
581 1952 733 2012 vocaturn
758 1953 861 2012 artem
886 1968 980 2013 suam
1005 1967 1155 2014 exercere
1187 1968 1298 2013 coram
1335 1968 1373 2012 se
1403 1949 1481 2013 fecit

217 2067 248 2126 et
272 2062 465 2128 ammiratus
488 2062 590 2125 voluit
623 2062 666 2125 illi
695 2062 736 2126 de
759 2064 902 2144 quadam
927 2063 1094 2144 prebenda
1127 2063 1159 2126 in
1193 2067 1283 2135 certo
1317 2063 1482 2145 hospitali

216 2177 397 2257 providere,
422 2177 448 2240 si
472 2181 607 2257 peteret.
654 2176 709 2240 llle
733 2197 810 2240 vero
835 2177 959 2241 liabens
983 2196 1117 2242 uxorem
1143 2182 1175 2242 et
1200 2177 1282 2240 lilios
1306 2180 1419 2257 magis
1439 2179 1483 2243 de

216 2291 382 2355 laboribus
393 2288 408 2329 ¹¹
429 2291 496 2354 suis
520 2311 619 2372 quam
644 2291 685 2354 de
709 2291 923 2374 eleemosynis
947 2292 1056 2356 rivere
1079 2312 1115 2356 se
1139 2290 1221 2356 velle
1244 2293 1434 2374 respondit.

323 2405 445 2468 Eodem
471 2411 629 2486 tempore,
654 2425 719 2486 quo
743 2406 897 2470 dominus
917 2406 1068 2470 Urbanus
1084 2426 1172 2487 papa
1188 2405 1357 2487 predictus
1373 2408 1481 2473 laune

216 2539 343 2583 rnoranr
368 2521 475 2598 traxit,
500 2521 615 2584 civitas
638 2521 807 2585 lanuensis
837 2540 905 2584 una
936 2520 1369 2601 de⁰nragnis1cenci0ribus
1397 2524 1481 2588 civi·

215 2635 338 2700 tatibus
362 2637 466 2700 tocius
490 2637 580 2701 ltalie
604 2636 702 2699 tantis
727 2636 861 2711 honore,
896 2638 1048 2718 potencia
1071 2639 1104 2700 et
1132 2637 1292 2718 dignitate
1317 2636 1480 2719 fulgebat,

216 2751 297 2815 sicut
322 2770 467 2832 unquam
492 2752 694 2832 temporibus
714 2752 883 2816 retroactis
903 2751 1029 2815 fulsisse
1045 2757 1257 2817 memoratur.
1289 2752 1359 2816 Sed
1383 2754 1478 2834 quia,

215 2867 366 2947 quamvis
390 2866 523 2929 domino
549 2867 681 2930 Urbano
707 2867 739 2930 in
763 2867 956 2931 necessitate
980 2866 1136 2931 auxilium
1169 2866 1324 2948 prestitit,
1358 2871 1475 2933 tamen

215 2981 435 3044 reverenciam
461 2981 516 3045 tali
537 2981 655 3044 Christi
680 2981 800 3044 vicario
825 2981 980 3053 debitam,
1005 2980 1046 3044 de
1070 3000 1130 3045 sua
1153 2981 1308 3062 potencia
1332 2981 1474 3045 nimium

215 3116 416 3176 presumens,
451 3116 515 3159 non
550 3116 787 3177 usquequaque
811 3094 987 3161 exhiberes
1010 3095 1137 3160 curavit
1162 3133 1202 3140 --
1229 3115 1307 3160 nam
1343 3097 1387 3161 de
1412 3096 1473 3171 lris,

215 3212 297 3291 quit
317 3211 359 3273 ob
383 3211 613 3275 liberacionem
638 3211 851 3275 cardinalium
889 3211 919 3274 in
944 3229 1074 3275 carcere
1098 3210 1280 3292 positorum
1304 3211 1469 3293 palacium

215 3345 300 3406 pape
324 3330 422 3389 noctu
448 3327 478 3388 ri
503 3330 631 3390 armata
655 3326 834 3406 pecierunt,
859 3326 948 3388 nulla
973 3325 1100 3389 iusticia
1122 3325 1183 3388 sibi
1203 3325 1391 3390 ministrata
1411 3332 1469 3400 est,

305 3546 319 3572 ¹¹
340 3551 431 3586 eorum
460 3533 489 3585 L.
519 3533 581 3586 Pad.
667 3532 681 3570 t.
701 3533 809 3602 sepulta
841 3533 902 3585 Par.
984 3545 997 3571 ⁰
1020 3532 1080 3585 dem
1110 3537 1137 3585 tn
1166 3531 1244 3588 Cass.
1269 3540 1364 3602 rpntter·
1391 3535 1466 3586 terete

216 3624 429 3682 ‹rm-enarratae,
457 3625 524 3688 selrtr
554 3627 580 3674 r'n
612 3622 674 3675 l‘ad.
705 3622 731 3675 la.
802 3621 965 3674 dmanuunr
994 3639 1103 3675 suarum
1125 3624 1194 3690 sotyt
1222 3621 1310 3686 Casa,
1341 3639 1463 3676 mannum

216 3716 308 3776 spritrr·
326 3713 530 3762 ‹mittan-utra
562 3715 618 3762 und
646 3715 732 3776 rlufr'lr·
750 3711 809 3764 suls
832 3730 874 3762 urrr
901 3714 996 3763 Romu
1012 3712 1190 3778 grearhrt'ebeu.
1229 3710 1364 3765 00lt’llts
1390 3744 1411 3751 -·
1432 3710 1461 3762 tle

216 3802 285 3850 dead
306 3799 370 3851 l'ad.
445 3798 457 3839 f
482 3800 603 3853 exhiberi
632 3800 753 3863 (Druck).
826 3813 913 3869 aque
933 3800 992 3853 Par.

307 3988 323 4012 ¹*
347 3984 420 4033 stra-t
445 3983 563 4033 trien-tet
585 4001 605 4033 r.
628 3984 659 4036 N,
680 3988 709 4032 S.
734 3989 782 4034 litt
801 3987 898 4033 rtrrllert
918 3983 974 4031 sirlr
995 3983 1058 4032 sehr·
1076 3983 1220 4048 urraichtr'p
1235 3983 1356 4034 alberdt'e
1371 3983 1454 4034 rate»

215 4080 258 4120 nrt
279 4073 327 4118 der
350 4071 514 4120 ‹tn-‹lr'mtlroe
534 4069 648 4136 qundnrn
666 4076 742 4121 noete
762 4071 831 4122 iutra
847 4087 946 4138 paucos
961 4069 1039 4129 diem.
1058 4072 1204 4137 antequam
1223 4068 1257 4122 (lo
1277 4068 1359 4123 launa
1376 4069 1455 4122 tutu

215 4158 285 4210 modi
307 4157 443 4209 recederet
465 4157 497 4209 de
517 4176 608 4211 mense
629 4158 792 4218 Decembris,
824 4164 852 4210 ut
872 4158 981 4226 quidam
1002 4157 1161 4216 retulerunt.
1189 4158 1277 4212 securi
1296 4175 1344 4211 eos
1360 4159 1460 4228 petrau

214 4264 262 4298 seu
288 4247 407 4303 mactari.
436 4245 519 4313 aliqui
549 4253 636 4297 mrtem
667 4247 801 4307 dixerunt,
830 4247 900 4315 quod
931 4247 955 4298 in
976 4247 1042 4299 marl
1063 4264 1109 4299 eos
1128 4246 1283 4316 precipitari
1302 4247 1373 4301 tecit
1404 4244 1467 4306 &nl

215 4336 447 4402 qualiterruruqm·
475 4335 519 4386 sit.
549 4335 640 4401 utique
670 4335 719 4402 ipsi
749 4336 866 4402 (purique
903 4334 1055 4387 cardinales
1084 4339 1178 4403 posu·
1205 4353 1258 4389 non
1295 4333 1470 4396 videbantur.

216 4422 362 4475 llirebntur
381 4424 450 4474 eninr
473 4441 488 4473 a
508 4423 600 4473 multis
638 4423 705 4487 quenl
737 4424 762 4475 in
791 4423 897 4475 stabulo
925 4440 1053 4490 equorum
1081 4423 1147 4476 dieti
1172 4422 1274 4477 Urbani
1301 4422 1327 4476 iu
1344 4418 1472 4491 qud-2

215 4511 287 4563 fossa
312 4511 413 4579 repleta
433 4511 506 4562 ralre
528 4511 589 4562 viru
609 4529 698 4562 eorum
719 4529 830 4579 corpora
851 4512 969 4580 proiecta
989 4517 1016 4564 et
1035 4511 1061 4566 iu
1081 4511 1175 4566 uadum
1195 4511 1314 4567 uultur
1330 4507 1473 4579 carrha

214 4605 240 4653 et
261 4602 287 4654 in
306 4601 410 4655 cineres
429 4617 560 4653 conversa
580 4600 695 4653 luerunt.
