3390 5160
743 307 935 364 „222-

212 467 465 530 ambassiatores
488 464 707 544 Arragonict,
732 464 871 530 Castetle
900 469 932 530 et
956 461 1129 530 Navarrab
1149 484 1263 547 regum
1288 469 1321 531 et
1351 466 1464 529 Anna·

73 583 133 629 1³⁰2·
148 582 338 662 ‹18-›ginatir
356 581 379 663 ¹)
404 584 436 644 et
460 580 539 644 Furi
553 578 577 662 ²}
605 581 761 644 comitum
785 584 879 662 parte
903 600 943 644 ex
966 579 1070 645 altera
1094 580 1195 644 tercia
1227 578 1319 662 die³)
1350 579 1465 642 mensis

213 695 400 759 Decembris
424 696 456 758 in
481 694 615 758 eeclesia
640 695 844 759 Narbonensi
868 699 1100 771 convenerunt,
1130 698 1164 759 et
1196 694 1268 775 ipso
1301 693 1401 757 Petro
1427 693 1465 755 de

212 810 304 873 Luna
328 810 360 872 in
384 829 444 874 sua
468 809 646 890 pertinacia
671 809 793 886 relicto,
817 827 915 889 super
939 809 1059 873 unione
1082 811 1198 872 mutua
1230 811 1393 889 quantum
1424 806 1464 872 ad

213 923 481 988 reiorruaeionem
506 922 696 985 universalis
721 922 853 987 ecclesie
877 895 972 987 certis
996 922 1103 986 modis
1127 921 1375 986 concordabant
1398 915 1532 1012 tite-{23⁴⁸

212 1037 266 1114 ris,
291 1036 481 1101 iuramentis
505 1033 562 1100 etd
582 1037 691 1117 sigillis
716 1056 829 1101 eorum
853 1037 1026 1113 roboratis,
1050 1036 1111 1100 sub
1136 1037 1241 1101 forma
1261 1036 1464 1118 publicorum

213 1151 502 1215 instrumentorum
528 1149 681 1215 coniectis
705 1169 802 1232 super
826 1149 958 1215 eisdem.
1015 1149 1142 1228 Quibus
1168 1149 1331 1232 expeditis
1363 1149 1465 1213 domi-

212 1284 274 1328 nus
306 1263 534 1345 sigismundus
558 1283 614 1327 rex
638 1283 751 1327 versus
775 1280 910 1342 regnum
935 1263 959 1327 F
961 1263 1070 1329 rancie
1100 1283 1135 1329 se
1166 1263 1316 1339 contulit,
1350 1261 1464 1327 deinde

212 1378 254 1443 ad
279 1398 414 1457 regnum
440 1379 566 1459 Anglie,
591 1381 628 1442 ut
651 1397 743 1459 reges
767 1398 941 1459 regnorum
966 1378 1094 1442 illorum
1118 1377 1317 1460 pacificaret.
1374 1375 1464 1440 t'nde

212 1513 270 1574 per
294 1498 432 1558 estatem
457 1497 489 1558 et
507 1494 728 1574 autumpnum
752 1497 936 1574 sequentes,
956 1493 1101 1558 scilicet⁰
1122 1492 1200 1557 anui
1223 1492 1356 1557 Domini
1382 1493 1464 1556 ¹416

212 1608 244 1671 in
278 1608 384 1689 regnis
415 1608 475 1671 illis
509 1626 635 1672 moram
669 1607 777 1685 traxit,
811 1608 868 1672 sed
902 1608 1042 1673 finaliter
1074 1611 1235 1690 qnantum
1264 1606 1307 1671 ad
1332 1624 1464 1671 concor

212 1722 299 1786 diam
324 1741 497 1801 regnorum
522 1722 649 1786 illorum
674 1741 790 1804 parum
814 1719 987 1802 proiecits.
1042 1722 1081 1786 Et
1113 1721 1242 1786 interim
1276 1720 1366 1802 quod
1398 1720 1464 1801 ipse

212 1837 433 1918 perseveravit
457 1836 587 1914 ibidem,
621 1837 875 1902 ambassiatores
899 1855 1012 1916 regum
1045 1839 1078 1900 et
1101 1835 1285 1918 principum
1309 1833 1463 1917 Hispania

211 1951 431 2033 predictorum
464 1951 696 2015 Constanciam
730 1955 888 2016 venerunt
921 1951 1006 2016 circa
1047 1949 1240 2033 principium
1275 1950 1401 2025 estatis,
1433 1952 1463 2011 ct

212 2066 321 2129 multis
345 2066 538 2130 tractatibus
561 2065 822 2147 precedentibus
846 2085 919 2130 curn
952 2064 1060 2131 adhue
1087 2064 1120 2128 in
1151 2062 1362 2128 Sciraihusen
1395 2081 1463 2124 rno-

212 2201 283 2245 ram
308 2179 493 2256 trahebant,
518 2179 651 2243 tandem
676 2200 696 2244 a
720 2179 855 2243 concilio
884 2198 958 2245 curn
992 2197 1112 2258 magno
1144 2177 1267 2260 recepti
1299 2180 1376 2240 sunt
1406 2175 1463 2239 tro·

212 2313 302 2371 nore,
327 2295 453 2376 ipsique
477 2313 551 2358 cum
575 2294 683 2373 regnis
705 2291 858 2375 predictis
882 2293 1018 2357 concilio
1042 2296 1119 2356 sunt
1140 2292 1233 2369 uniti,
1257 2296 1290 2356 et
1319 2291 1365 2355 sic
1387 2308 1464 2353 con·

213 2409 320 2473 citium
346 2409 377 2472 in
402 2410 546 2491 quinque
570 2409 723 2472 naciones
748 2411 796 2472 est
819 2406 960 2472 divisum
973 2405 1008 2490 ¹).
1055 2406 1126 2470 Rex
1155 2405 1253 2486 igitur
1283 2404 1463 2485 sigismun-

211 2523 273 2586 dus
310 2523 394 2588 cirea
431 2523 529 2586 finem
572 2523 743 2604 autumpni
783 2522 826 2587 ad
869 2525 980 2603 partes
1016 2520 1187 2586 Alemanie
1219 2538 1372 2584 reversus
1406 2536 1464 2599 per

211 2637 320 2719 plures
343 2637 413 2700 dies
437 2636 634 2718 Aquisgrani
659 2655 787 2701 moram
811 2637 910 2700 traxit
923 2634 958 2719 ⁵),
992 2639 1024 2700 et
1046 2634 1235 2700 convocatis
1268 2632 1313 2697 ad
1345 2651 1381 2696 se
1405 2631 1463 2695 ibi·

210 2751 285 2814 dem
319 2751 459 2814 dominis
498 2749 726 2815 Theodericot
764 2749 1008 2832 archiepiscopo
1058 2748 1243 2815 Coloniensi
1280 2751 1314 2813 et
1346 2745 1464 2811 Adotto

210 2865 293 2929 dure
316 2864 476 2929 Montensi
501 2885 575 2928 curn
600 2865 781 2929 fautoribus
805 2868 838 2929 et
860 2863 1037 2929 auxiliariis
1060 2882 1174 2928 eorum
1197 2862 1271 2927 lites
1304 2865 1337 2926 et
1369 2880 1464 2941 guer-

210 2999 263 3044 ras
287 2984 454 3044 versantes
478 2980 640 3043 intereos
664 2999 783 3060 magno
802 2999 877 3043 curn
901 2978 1014 3043 labore
1037 2977 1167 3043 diremit
1180 2975 1217 3060 ⁰),
1245 2980 1280 3041 et
1302 2974 1464 3058 posthoc

210 3114 275 3158 non
300 3094 394 3175 louge
418 3093 463 3159 ad
487 3095 657 3158 concilium
681 3094 913 3159 Constanciam
937 3097 986 3158 est
1009 3111 1158 3158 reversus
1172 3090 1206 3175 ἢ.

299 3304 314 3333 ⁸
334 3293 483 3360 Arroganie
504 3292 567 3346 Pad.
623 3290 777 3344 bNoverro
796 3291 857 3346 Par.
913 3303 926 3331 0
951 3288 1120 3358 Armagiuati
1138 3287 1205 3343 Pul.
1255 3285 1365 3341 ΗΜ
1387 3286 1464 3349 Pom

211 3385 238 3433 in
258 3379 286 3435 b.
315 3400 363 3432 ron
389 3382 506 3447 pleicher
526 3382 609 3432 Hand
637 3381 839 3446 nurhpetrnpen.
906 3390 919 3420 Θ
941 3377 1069 3432 videlicet
1091 3375 1151 3431 Pur.
1226 3372 1241 3417 s
1264 3374 1375 3446 proficit
1401 3372 1465 3429 Pd-

210 3468 377 3538 tt'I'yderico
397 3467 425 3521 12.

300 3657 318 3720 ¹)
338 3660 501 3722 Arnraynnr..
524 3685 552 3693 -
576 3654 596 3721 ²)
619 3657 695 3708 Foir.
715 3683 748 3692 -
771 3654 791 3723 3)
816 3657 951 3708 t'ielmehr
971 3657 1035 3708 Dee.
1055 3658 1098 3707 13.
1128 3684 1161 3693 -
1188 3651 1211 3720 ⁴)
1235 3653 1301 3705 Was
1319 3652 1465 3706 Gobetim

208 3747 268 3797 hier
287 3764 335 3797 ron
354 3747 405 3796 den
426 3746 578 3797 Geedndtru
598 3747 733 3810 sparnum
757 3745 869 3811 rrzdtdt,
895 3745 964 3811 pulit
994 3744 1080 3795 medor
1104 3758 1176 3810 ponz
1203 3740 1259 3807 uns
1283 3740 1329 3793 rue
1348 3744 1464 3807 Arrun·

208 3853 297 3901 ereren,
317 3835 381 3885 noch
403 3835 456 3898 nus
472 3836 515 3885 dic
529 3834 702 3885 (L'nstiliunrr,
739 3835 807 3886 June
825 3835 920 3884 ianua
938 3832 1050 3897 srrtticb
1067 3829 1198 3882 erdhrend
1214 3829 1266 3882 der
1284 3826 1465 3881 Atoeemtetr

208 3925 255 3974 dea
275 3924 379 3988 Ii'dm'pa
399 3925 483 3977 (uro
497 3925 567 3987 Sept.
583 3923 611 3983 5)
628 3923 653 3970 in
671 3923 812 3973 Ii'onatunz
826 3939 861 3972 un
877 3921 934 3972 und
948 3920 1061 3971 bildeten
1076 3918 1145 3970 nach
1159 3918 1210 3969 der
1226 3917 1314 3970 t’aton
1329 3917 1407 3979 (Okt.
1418 3920 1464 3977 15)

209 4014 252 4063 die
271 4016 295 4061 .·'›.
316 4012 425 4062 Notion.
466 4010 516 4060 lue
534 4009 712 4074 Zeitunpubrn
733 4011 778 4059 dra
800 4009 944 4060 (iubetinua
972 4005 1055 4070 (circu
1081 4004 1242 4075 principium
1270 4004 1380 4071 ottho)
1408 4007 1466 4059 und

208 4100 251 4150 die
271 4097 480 4162 Herrortrebunp
498 4098 547 4145 dri·
567 4098 661 4162 Irrnprn
690 4098 913 4162 Verturudlunpen
931 4113 1029 4162 puzanen
1059 4094 1122 4145 chor
1148 4094 1202 4159 aus
1222 4094 1267 4145 dte
1288 4094 1465 4155 Catilium,

209 4188 252 4237 die
273 4189 340 4238 1117
356 4187 436 4237 ,iletre
455 4190 490 4235 30
509 4187 536 4234 in
558 4186 698 4236 liminum:
718 4187 851 4249 eintrusrn
872 4185 929 4236 rand
948 4190 1001 4235 erat
1020 4183 1091 4234 June·
1109 4186 1144 4235 18
1157 4180 1215 4233 oieb
1228 4181 1366 4235 autenm
1385 4182 1465 4235 Ilien·

207 4276 258 4338 frti·
277 4275 356 4340 reryl.
378 4274 525 4326 Ir'r'tlrmtrrr
549 4273 684 4337 'I'uprburb
704 4276 731 4325 S.
754 4279 804 4323 190
823 4291 848 4324 u.
869 4276 929 4323 205.
969 4299 999 4307 -
1038 4267 1059 4337 ⁸)
1079 4269 1157 4323 Nocte
1179 4270 1232 4322 don
1251 4268 1362 4323 Kdtner
1377 4270 1465 4325 John*

208 4363 324 4414 bdchern
345 4360 366 4413 B
396 4362 565 4425 (coronet-en
590 4362 799 4413 ‹m·‹1amche›·
819 4362 912 4413 Stddtr
931 4360 1022 4417 XIII)
1043 4362 1071 4413 S.
1091 4362 1124 4411 ⁶1
1152 4359 1215 4410 kam
1233 4357 1286 4409 der
1304 4358 1399 4427 116119
1416 4358 1469 4421 aa!

208 4450 247 4503 St.
270 4451 436 4516 Cdrilt'rntup
454 4451 533 4509 (Nor.
545 4452 592 4509 22)
614 4450 681 4499 nrrrh
696 4449 812 4500 Auchrn.
833 4480 864 4487 -
886 4446 907 4513 ⁶)
932 4448 1019 4514 t'eryl.
1039 4446 1242 4499 denAoctuner
1255 4445 1359 4499 Sdt'ed
1376 4446 1467 4513 XM}

209 4540 382 4607 Sipiemundr
401 4542 471 4592 uro·
491 4540 555 4591 Dee.
576 4542 617 4589 13.
653 4536 811 4601 Lucombtet,
824 4536 1092 4589 n'tederrneintaetu
1109 4532 1329 4589 Urbundeffld
1344 4536 1362 4589 1
1365 4534 1398 4601 V,
1408 4536 1467 4589 rm.

210 4654 241 4665 -
265 4623 283 4694 t)
303 4631 373 4680 mr
390 4627 456 4679 Jan.
476 4631 519 4678 27.
