3390 5160
686 324 876 380 -127-

266 478 385 543 Poslea
410 483 520 544 laruen
545 500 663 562 corpus
692 481 816 546 clusin
849 481 1016 544 ecclesiam
1052 480 1154 544 saueli
1180 480 1266 544 Pelri
1301 485 1406 543 lrans·

154 593 262 658 lalum
286 593 564 659 lionorilicenciori
588 596 760 677 sepulchro
784 595 939 660 {radilum
964 601 1022 659 esl.

691 802 874 883 Cap.ssa

265 941 361 1004 Anno
384 942 592 1021 ponlilicalus
616 941 737 1005 domini
763 942 885 1005 Urbani
915 941 1049 1022 predicli
1083 941 1226 1004 serundo
1260 940 1407 1005 videlieet

157 1054 336 1118 nalivilalis
370 1056 497 1119 Domini
535 1058 618 1120 1380
652 1056 802 1120 vicesima
836 1057 966 1137 primam·
996 1056 1048 1119 die
1090 1056 1211 1119 mensis
1235 1053 1608 1137 (Aprilisllfflffl'fllflss-

157 1165 269 1232 Marcii
283 1168 305 1251 ¹)
347 1169 500 1233 domiuus
540 1170 697 1235 llenricus
739 1170 877 1252 Speglrel
912 1171 1084 1251 episeopus
1117 1169 1406 1239 paderburnensis,

157 1287 331 1363 postquam
356 1283 489 1355 ecclesie
512 1284 629 1365 prefuit
654 1283 795 1348 ulililcrc
827 1285 922 1349 annis
946 1282 1159 1362 undeviginli,
1193 1285 1307 1365 plenus
1340 1285 1408 1348 die·

157 1413 229 1459 rum
254 1396 344 1461 obiil.
392 1397 431 1460 El
454 1399 607 1462 successil
634 1399 757 1480 Symon
782 1398 925 1462 decanus
960 1398 1093 1462 ecclesie
1118 1397 1406 1462 Puderliurnensis.

266 1510 388 1592 Symon
422 1512 463 1574 de
495 1512 713 1592 Slerenbergh
748 1512 932 1593 impetravit
967 1513 1189 1593 episcopatum
1225 1512 1408 1576 Paderlmr-

156 1643 291 1689 neusem
316 1645 335 1688 a
360 1625 493 1690 domino
519 1626 650 1690 [Trlmno
675 1624 787 1709 papa¹¹
817 1632 908 1690 sexto
941 1630 973 1691 el
1007 1627 1124 1708 preluil
1157 1626 1290 1691 ‹aclesle
1314 1629 1408 1693 annis

101 1754 142 1795 ἰ
158 1743 247 1809 oclo,
272 1740 438 1803 aiensibus
466 1761 533 1817 sex,
557 1741 672 1805 diebus
695 1741 818 1805 decem.
866 1740 925 1804 llic
949 1714 1072 1823 Syuron
1109 1741 1277 1805 l'rcderico
1302 1743 1408 1806 arclri-

156 1852 312 1935 episcopo
336 1854 533 1930 Coloniensi,
558 1860 691 1919 uicum
716 1856 804 1937 apud
830 1857 939 1920 sedem
962 1856 1175 1937 aposlolicarn
1201 1861 1408 1937 promoveret

155 1971 189 2030 el
225 1986 300 2031 eum
334 1974 448 2049 poslea
482 1969 513 2032 in
549 1971 787 2051 possessiouem
822 1970 1031 2052 episcopatus
1054 1975 1206 2051 polenler
1230 1971 1406 2044 induceret,

155 2087 254 2163 proul
278 2087 311 2146 cl
335 2083 417 2158 leeil,
443 2104 596 2163 niagnam
620 2105 784 2150 sununam
809 2087 955 2167 pecunie,
989 2086 1020 2148 in
1050 2105 1116 2166 qua
1150 2087 1278 2149 racione
1311 2087 1407 2150 ollicii

157 2197 412 2272 marscalcialus,
436 2199 525 2279 quod
550 2199 707 2262 llenrinrs
723 2200 895 2281 episeopus
918 2204 1117 2273 exercuend,
1137 2200 1270 2263 ecclesie
1288 2200 1408 2263 l'ader·

156 2310 312 2375 bumensi
348 2312 563 2392 oliligabalur,
597 2313 739 2395 cupilulo
773 2334 837 2377 non
871 2315 1108 2388 consencienle,
1146 2315 1278 2376 reruisil.
1337 2314 1408 2395 lpse

156 2444 292 2489 munere
315 2427 573 2491 consecracionis
598 2427 629 2491 in
653 2429 742 2492 curia
768 2428 918 2493 llomana
933 2432 1096 2510 suscepto,
1121 2448 1271 2492 reversus
1287 2428 1408 2494 Puder-

156 2540 260 2604 bomc
291 2540 533 2622 quinladeeima
564 2541 616 2605 die
649 2543 768 2606 mensis
802 2543 870 2606 lulii
910 2544 1120 2625 solempniler
1152 2542 1314 2606 arlrnissus
1347 2546 1594 2613 eslrnniuun.

156 2672 216 2718 nec
249 2658 360 2718 lamen
393 2656 535 2719 ollicium
575 2656 760 2737 ponlilicale
794 2657 937 2720 exercuit
969 2661 1002 2720 el
1034 2657 1086 2720 vix
1119 2656 1201 2720 duas
1235 2656 1351 2719 missus
1375 2657 1406 2719 in

157 2767 397 2849 ponlilicalibus
421 2774 490 2833 lolo
516 2775 663 2852 tempore
686 2771 849 2851 regiruinis
882 2772 931 2835 sui
955 2772 1140 2835 celebrarit.
1198 2771 1257 2834 Hic
1281 2772 1403 2852 Symon

157 2880 235 2945 levis
258 2884 358 2948 animi
383 2885 461 2959 luil;
486 2906 560 2949 eum
584 2886 830 2969 archiepiscopo
855 2887 1037 2951 Coloniensi
1063 2885 1250 2967 supradicio
1276 2885 1405 2949 iulruril

157 3001 267 3078 parles
299 2997 416 3064 llussie
448 2999 479 3062 iu
513 3001 654 3065 ‹exercilu
687 3021 807 3081 magno
840 3008 870 3064 el
900 3000 1021 3064 violatu
1045 3005 1095 3064 esl
1118 3000 1160 3064 ab
1185 2999 1230 3062 eis
1255 3019 1316 3080 pax
1342 2999 1407 3074 illa,

157 3130 255 3192 quarm
282 3111 440 3177 llenricus
461 3112 602 3195 Speglrel
626 3115 797 3197 episcopus
821 3120 990 3197 {amquam
1016 3115 1181 3197 perpeluis
1206 3113 1406 3194 lernporilius

157 3224 348 3291 duraturam
373 3229 598 3294 inlroduxeral
610 3230 644 3311 ²).
680 3230 737 3293 llic
753 3233 875 3312 symon
891 3230 1055 3311 quendam
1071 3228 1298 3310 presbiterum,
1318 3227 1407 3291 ride·

158 3339 232 3404 licei
251 3341 421 3406 dominum
446 3343 653 3409 Lodcwicmn
678 3344 719 3409 de
743 3345 861 3417 Buren,
897 3349 1054 3408 reclorem
1087 3343 1188 3424 cripte
1212 3342 1273 3404 sile
1297 3341 1329 3405 in
1355 3362 1408 3405 ec·

156 3454 254 3520 elesia
278 3455 538 3521 Puderbumensi
562 3477 621 3540 pro
651 3478 701 3535 ee,
733 3459 821 3540 quod
851 3458 1020 3523 ecclesium
1045 3477 1212 3522 rorensem
1237 3462 1405 3538 lamqueun

160 3575 330 3635 vaenalem
356 3571 589 3653 impetraverat
620 3573 741 3637 ascde
773 3573 963 3655 aposlolica,
994 3579 1126 3654 capium
1159 3591 1218 3653 per
1246 3570 1406 3653 quonlam

159 3682 302 3749 laulores
327 3685 515 3751 monialium
541 3687 685 3751 eiusdem
715 3688 857 3751 rurensis
890 3688 1023 3751 ecclesie
1055 3686 1097 3750 ad
1135 3692 1277 3750 easlrurn
1311 3704 1407 3749 suum

159 3796 450 3880 Dangnenbergnr
473 3801 545 3865 duci
566 3807 596 3865 el
618 3802 648 3865 in
665 3802 785 3883 lignum
801 3801 928 3865 delrndi
951 3798 1142 3867 consensus.
1176 3801 1214 3864 El
1228 3801 1305 3882 quia
1322 3800 1406 3863 idem

158 3914 318 3997 presbiler
339 3914 481 3995 qrrcdam
507 3917 577 3980 iura
600 3917 746 3981 beuelleii
775 3917 823 3979 sui
850 3916 982 3980 minusss
1002 3916 1140 3980 discrelc
1172 3913 1324 3987 delendil,
1360 3913 1407 3976 in·

157 4028 382 4109 dignacioncm
408 4029 538 4111 capituli
564 4032 753 4104 incurreml,
779 4031 810 4093 in
834 4035 942 4093 caslro
966 4029 1111 4111 prediclo
1131 4029 1217 4093 laune
1231 4028 1404 4104 cruciatus,

248 4212 263 4241 ⁸
286 4201 354 4255 1380
373 4201 455 4255 XX1⁰
483 4203 569 4272 primu
597 4202 661 4256 Pud.
688 4202 747 4256 Par.
821 4200 836 4237 b
856 4222 885 4251 an
905 4203 1098 4269 ursprdnplielr
1128 4201 1212 4257 cars..
1241 4218 1283 4250 mn
1315 4201 1408 4252 Ronde

158 4288 253 4344 Mucii
273 4295 321 4342 irie
339 4293 383 4342 die
402 4291 510 4357 diripere
530 4289 606 4343 codd.
688 4304 701 4329 ⁰
724 4290 839 4344 viriliter
859 4290 919 4345 Par.
1001 4288 1015 4329 «Ι
1037 4293 1107 4340 deest
1133 4288 1159 4342 li.
1242 4301 1256 4328 ⁰
1279 4287 1408 4355 Dringen·

157 4377 242 4448 bergh
261 4377 336 4439 Μ,
355 4377 436 4433 berch
456 4378 517 4432 l’ur.
586 4378 598 4418 s
624 4379 703 4433 iussit
722 4379 841 4443 (Druck).
915 4390 931 4426 π
951 4378 1031 4431 nimia
1052 4377 1110 4431 l’rrr.

248 4546 267 4611 ¹)
289 4550 359 4599 13⁸0
377 4547 457 4598 Mdrz
477 4552 509 4597 21
537 4547 601 4609 sum
622 4548 649 4596 in
670 4548 720 4596 dns
739 4549 827 4596 turuile
846 4545 1065 4610 llmliticrdsjnlrr
1088 4544 1193 4594 lidum
1219 4544 1263 4607 l'I,
1292 4544 1406 4609 ‹loyeycn

160 4635 244 4703 Apri!
261 4640 296 4687 21
317 4637 344 4686 in
364 4635 416 4685 das
435 4636 524 4685 drille.
561 4660 596 4670 -
633 4631 653 4695 'l
674 4638 752 4686 1370.
788 4634 816 4684 S.
837 4638 864 4686 S.
886 4637 926 4684 7³.
