3390 5160
603 317 768 374 -ot--

101 479 128 541 et
159 494 249 541 anno
273 475 402 541 Domini
438 478 533 541 1405.
593 477 657 541 Sed
687 497 774 541 anno
808 484 965 560 sequente
998 480 1158 561 pacificati
1182 482 1307 555 sunt1t.

115 589 270 656 dominus
294 591 432 656 Adolius
469 591 573 655 lactus
607 592 805 656 marscalcus
838 593 961 657 domini
985 594 1221 677 archiepiscopi
1246 596 1309 658 (lo-

101 707 208 772 rieusis
231 707 338 772 citran
368 707 520 772 Rhenum
546 709 636 772 tratri
665 728 725 772 suo
749 708 882 772 domino
908 709 1082 773 Wilbelmo
1118 711 1220 775 electo
1245 711 1309 777 l'a-

101 821 278 895 rbumensi.
309 821 369 886 sibi
394 823 612 899 reconciliato,
645 828 681 886 ut
711 824 794 887 inter
828 824 943 888 iratres
975 825 1068 889 decet
1101 830 1135 889 et
1166 825 1309 907 expedit,

101 937 202 1003 >misit
224 937 376 1002 assistere
401 937 568 1003 favoribus
592 942 624 1002 et
647 939 775 1001 auxiliis
798 940 980 1020 oportunis.

160 1053 258 1118 Anno
287 1054 416 1119 Domini
455 1054 538 1117 1405
573 1054 625 1117 25.
655 1050 734 1117 eliel
770 1054 890 1119 mensis
923 1054 1127 1136 Septembris
1159 1056 1495 1122 consuleswaSeetsr.

102 1168 192 1234 itatis
225 1167 503 1233 Paderburnensis
535 1168 707 1232 ediderunt
740 1173 910 1243 statutum,
944 1170 1031 1250 quod
1062 1170 1169 1234 adbuc
1204 1191 1308 1253 usque

108 1288 294 1367 presentem
318 1283 403 1349 diem
428 1287 626 1366 perseverat,
656 1283 804 1347 videlicet
827 1285 915 1365 quod
940 1285 1026 1350 cives
1059 1305 1171 1349 eorum
1198 1286 1309 1350 volen-

101 1445 103 1457 ·
125 1400 282 1483 exequias
306 1417 462 1481 peragere
485 1399 724 1474 defunctorum,
753 1399 874 1463 debent
907 1400 977 1465 illas
1001 1400 1170 1465 dominicis
1194 1401 1309 1465 diebus

101 1519 226 1582 mtuat
248 1534 415 1597 peragere.
463 1514 500 1578 ln
526 1515 669 1578 iecemnt
693 1519 853 1578 statutum
879 1515 955 1579 illud
981 1517 1041 1579 sub
1075 1517 1179 1579 turrira
1214 1536 1307 1580 rnam-

101 1632 121 1698 li
152 1651 213 1715 per
244 1631 380 1696 nuncios
412 1650 469 1696 seu
504 1630 643 1695 famulos
675 1650 752 1694 suos
785 1629 943 1695 domatim
984 1631 1110 1713 publice
1148 1631 1307 1696 intimare.

102 1752 261 1831 apropter
284 1726 345 1826 ego
369 1751 447 1811 tunc
471 1766 583 1809 curam
607 1765 723 1824 gerens
747 1746 879 1810 ecclesie
905 1747 1040 1810 lorensis
1075 1747 1205 1822 ibidem,
1240 1747 1308 1811 zelo

101 1882 171 1928 urus
194 1862 251 1927 Dei
275 1862 403 1937 ductus,
428 1861 479 1943 pie
503 1861 713 1926 correctionis
735 1881 835 1925 causa
860 1863 891 1925 in
916 1882 1067 1926 sermone
1089 1862 1221 1944 publico
1246 1863 1308 1926 boc

102 1982 212 2044 tutum
237 1977 406 2057 redargui:
440 1977 612 2058 ipsumque
637 1996 708 2040 esse
741 1981 855 2041 contra
889 1977 1140 2041 ecclesiasticam
1175 1978 1308 2041 liberta·

101 2092 265 2158 aeditum
291 2112 454 2156 canonum
483 2092 621 2157 decretis
654 2096 686 2155 et
720 2092 940 2173 imperialibus
973 2093 1196 2157 sanctionibus
1219 2113 1279 2175 pro
1295 2109 1307 2129 ¹·

101 2229 150 2274 ase
174 2227 248 2272 mco
273 2207 446 2281 declaravi,
476 2226 577 2289 penas
602 2207 678 2271 talia
709 2207 929 2271 statuentibus
958 2211 1025 2270 tam
1060 2179 1212 2273 a⁰sacris
1253 2227 1308 2271 ca·

101 2322 219 2391 ribuar
240 2343 340 2406 quam
376 2323 597 2404 imperialibus
630 2322 743 2387 edictis
776 2323 914 2386 inllictas
947 2323 1169 2404 exprimendo,
1204 2331 1235 2385 ut
1273 2343 1308 2386 se

101 2458 309 2520 nsgressores
333 2439 546 2504 emendarent
577 2441 610 2502 et
635 2438 735 2516 leuari
766 2439 811 2502 sic
835 2438 981 2501 instructi
1010 2439 1051 2503 acl
1076 2439 1192 2504 similia
1216 2438 1308 2502 dein·

101 2574 127 2619 rs
150 2554 298 2637 aspirare
321 2553 544 2619 formidarent.
591 2552 675 2617 Hinc
699 2552 774 2617 elati
800 2558 933 2617 niente‘*
965 2553 1006 2629 id,
1031 2553 1120 2635 quod
1139 2554 1203 2617 dixi
1229 2573 1308 2618 cura

101 2668 210 2734 rtorali
235 2669 393 2749 exigente,
430 2687 469 2732 ex
494 2667 648 2732 elacionis
671 2666 787 2749 spiritu
812 2670 841 2730 el
868 2667 1009 2731 avaricie
1032 2668 1145 2732 lomile
1178 2687 1308 2749 proces·

101 2802 131 2849 re
154 2782 418 2865 interpretantes.
454 2786 568 2846 contra
593 2802 645 2845 me
676 2782 769 2863 quasi
803 2801 893 2845 reum
928 2781 1071 2845 criminis
1104 2782 1170 2844 lese
1208 2782 1308 2845 maie·

101 2898 144 2963 tis
178 2896 375 2962 sedicionem
410 2915 542 2960 movere
580 2896 794 2960 conabantur.
865 2895 929 2959 Sed
955 2896 1105 2977 quartanis
1135 2916 1173 2959 eo
1205 2915 1309 2977 usque

101 3032 165 3077 um
190 3013 344 3094 processit
371 3011 564 3091 indigando,
599 3015 635 3074 ut
658 3011 853 3093 quibusdam
887 3010 982 3074 michi
1016 3011 1231 3074 dubitandum
1267 3011 1308 3074 de

101 3132 157 3193 ute
182 3126 355 3195 rideretur.
385 3145 444 3205 ego
468 3131 578 3189 lamen
603 3125 762 3189 iustorum
779 3126 952 3207 triumphis
968 3126 1181 3207 plurimorum
1199 3130 1308 3189 mente

101 3242 254 3308 rtortatus
277 3246 310 3305 ct
331 3241 460 3305 innixus
485 3240 611 3305 veritati
636 3241 678 3303 ab
703 3240 752 3302 tris
771 3259 835 3322 que
859 3241 924 3303 dixi
951 3259 1016 3303 non
1047 3241 1173 3303 recessi.
1208 3242 1308 3303 (turri-

101 3356 182 3422 eilli
206 3376 272 3421 non
303 3357 518 3439 quiescerent,
556 3355 613 3417 sed
648 3374 707 3436 per
739 3356 944 3419 anfractuum
978 3354 1072 3417 devia
1106 3355 1308 3418 declinantes

101 3474 127 3539 is
151 3470 369 3554 compendia‘
401 3467 626 3553 castrensia
648 3465 704 3533 aci
732 3469 848 3533 similia
876 3470 1005 3551 proprie
1034 3469 1147 3533 salmis
1176 3469 1308 3551 dispen-

143 3585 374 3653 sebernencius
411 3585 615 3657 anhelarent,
655 3589 687 3647 et
724 3603 822 3648 nenio
856 3584 1056 3648 medicorum
1083 3586 1202 3647 terrum
1241 3604 1308 3665 qno

102 3701 211 3777 mbra,
235 3720 299 3783 que
318 3702 463 3765 lonmnta
488 3700 647 3762 rumlicine
673 3718 737 3762 non
762 3699 920 3774 sanciunt,
946 3699 1158 3779 preciduntur
1182 3699 1307 3777 accitare

101 3820 265 3885 sumeret.
314 3834 374 3895 ego
411 3816 460 3878 bis
499 3814 604 3879 verbis
629 3815 715 3877 beati
747 3813 977 3894 llreroninri²lz
1013 3813 1160 3895 ,Expedit
1200 3820 1307 3877 tacere

101 3934 273 3999 dicantem
298 3936 431 4014 propter
455 3931 654 4012 impietatem
679 3930 883 3993 subditurum
909 3934 941 3993 et
964 3931 1066 3993 eciam
1089 3931 1305 4011 superionnn.

101 4047 277 4113 luendunt
303 4046 523 4127 iusticiam‘ll.
558 4050 666 4108 triente
691 4044 855 4125 pulsabar.
906 4045 940 4107 lll
976 4064 1104 4108 rursum
1131 4045 1192 4109 boc
1220 4045 1307 4107 ‹ticln

137 4174 249 4275 edre·
271 4219 333 4274 Par.
361 4217 484 4284 (Druck).
577 4216 591 4255 n
611 4215 659 4270 XV
691 4217 744 4270 ldie
772 4218 850 4282 fehlt)
884 4215 1004 4281 (Druclcl.
1106 4230 1118 4253 e
1142 4217 1305 4270 contrarium

127 4307 250 4373 (Druck).
305 4307 488 4362 dcanonibus
507 4305 568 4359 l'ar.
624 4319 636 4342 ¹·
659 4306 742 4359 monti
763 4305 827 4359 Pad.
885 4304 896 4343 ¹'
922 4304 1063 4374 dispendia
1083 4304 1146 4357 l'nd.
1199 4309 1306 4355 aute-aar

101 4416 113 4454 *.
136 4396 167 4454 L.
242 4396 258 4439 ὓ
278 4403 396 4465 narni.
478 4393 484 4435 i
506 4397 575 4445 dccet
597 4394 662 4448 Pad.
682 4412 698 4447 a
717 4394 777 4447 Par.

144 4554 163 4619 ¹)
185 4558 254 4609 1406
272 4555 352 4608 ultre
369 4558 410 4604 23.
433 4551 496 4606 Lac,
512 4552 672 4605 cr,n.tl‚ll'
688 4555 728 4601 lt.
831 4552 849 4611 ‘il
874 4551 946 4601 ,t'nrt
968 4552 1025 4599 dem
1046 4551 1147 4602 t'omni.
1164 4550 1189 4602 in
1215 4552 1305 4607 Amos,

101 4661 120 4695 r
136 4643 200 4697 ufir
220 4645 284 4707 [rei.

1093 4713 1145 4773 ὓ*
