3390 5160
685 376 717 383 —
757 341 807 397 159
845 373 877 382 -

153 420 225 479 R«.
246 421 280 478 Α.

713 520 839 586 (Coss.)

101 630 139 716 ξ
262 619 359 684 Anno
380 618 507 682 Domini
535 621 619 684 troo
644 619 782 700 septima
810 618 861 681 die
885 619 1006 682 mensis
1031 619 1223 684 Novembris
1247 621 1327 686 obiit
1348 622 1407 686 do-
1424 642 1475 681 roo
1490 637 1586 682 noer.

155 733 264 798 miuus
303 733 515 798 lnnocencius
548 754 632 815 papo
673 734 842 814 septimus
906 734 942 797 Et
976 738 1050 815 post
1083 734 1144 797 lroc
1178 736 1210 799 in
1243 735 1296 800 die
1320 737 1406 802 beuti

154 848 332 914 Clementis
354 849 477 913 donrioi
506 849 687 913 cardinales
721 868 856 912 nutriero
889 848 975 912 xltll
1010 854 1180 925 voverunt,
1218 851 1407 916 iuraverunt
1422 866 1484 910 rol.
1500 872 1533 911 n.

155 968 188 1029 et
220 964 525 1046 compromiserunt,
558 963 657 1045 quod,
692 964 877 1045 quicunque
911 963 1081 1040 eligeretur
1113 984 1152 1027 ex
1187 965 1233 1028 eis
1261 964 1293 1028 in
1316 985 1406 1029 sum·

156 1098 246 1143 muru
279 1078 477 1162 pontiltceru,
511 1083 644 1161 propter
677 1079 830 1142 unionem
856 1079 990 1142 ecclesie
1022 1077 1239 1144 ordinandam
1272 1079 1405 1146 deberet

156 1194 348 1259 renunciare
366 1193 502 1276 papatui
526 1199 558 1257 el
582 1193 641 1257 iuri
666 1213 736 1270 suo,
761 1194 787 1256 si
812 1198 843 1257 et
868 1193 1001 1274 quando
1021 1192 1178 1275 antipapa
1196 1193 1407 1259 consimiliter

158 1309 363 1373 renunciaret
386 1309 545 1391 preteosis
573 1308 632 1372 iuri
666 1328 724 1372 suo
758 1313 791 1371 et
824 1308 958 1390 papatui
992 1308 1059 1370 sive
1092 1307 1273 1383 decederet,
1311 1310 1408 1373 durn-

157 1422 256 1487 orodo
279 1423 530 1488 anticardinulcs
549 1423 761 1488 effectualiter
795 1423 892 1486 velint
924 1442 998 1486 cunr
1032 1422 1153 1486 eisdem
1187 1423 1407 1488 cardinalibus

156 1537 201 1600 sic
233 1537 409 1602 convenire
441 1543 473 1602 et
505 1537 713 1614 concordare,
747 1538 834 1619 quod
869 1557 907 1601 ex
941 1538 987 1600 eis
1016 1536 1168 1600 omnibus
1191 1536 1333 1601 collectis
1356 1558 1407 1601 se·

155 1656 277 1733 quatur
308 1652 466 1717 canonica
499 1653 612 1716 electio
646 1653 730 1716 unici
773 1653 892 1715 suenni
932 1651 1113 1734 pontilicis;
1161 1658 1193 1716 el
1227 1653 1307 1716 intra
1342 1657 1408 1716 tres

157 1785 287 1832 menses
310 1771 385 1848 post
409 1767 695 1831 intronizacionerrr
729 1788 821 1831 suurn
856 1767 963 1832 mittat
997 1766 1194 1848 sollempnes
1226 1766 1408 1831 ambassia-

156 1883 244 1945 tores
268 1880 310 1944 ad
335 1881 601 1946 concordandum
625 1881 666 1945 de
691 1882 761 1944 loco
795 1881 893 1944 lrabili
927 1885 960 1944 et
992 1880 1118 1944 decenti
1152 1900 1210 1962 pro
1244 1881 1407 1962 predictis.

159 1992 196 2057 El
219 1994 284 2060 ulia
307 1994 402 2077 plura
427 1995 620 2058 ordinarunt
644 1996 729 2060 cirea
754 1995 838 2060 lianc
862 1995 1033 2059 materiam
1058 2000 1232 2076 oportuna.
1280 1994 1318 2058 Et
1335 1999 1407 2059 turr-

156 2107 231 2172 dent
255 2108 377 2172 electus
409 2113 459 2172 cst
483 2129 521 2173 ex
546 2110 591 2173 eis
615 2110 768 2174 dornirrus
791 2109 935 2188 Angelus
959 2109 1042 2172 tituli
1066 2110 1170 2173 suncti
1195 2109 1293 2174 Murci
1317 2129 1408 2191 pres·

157 2221 240 2286 biter
263 2223 447 2293 cardinalis,
480 2225 535 2304 qui
560 2224 619 2287 luit
646 2223 832 2305 patriarcha
856 2223 1249 2304 llorrslautlriopolitauuS.
1285 2227 1317 2286 et
1349 2243 1408 2304 ap·

157 2336 295 2418 pollutus
319 2343 368 2402 est
392 2339 564 2418 Gregorius
597 2339 810 2402 duodecimus
843 2342 875 2402 et
898 2341 1074 2401 coronatos
1099 2337 1185 2401 Xllll
1211 2337 1280 2401 lial.
1315 2351 1481 2400 uren-uu.
1498 2360 1527 2396 ι».

157 2450 201 2515 sis
234 2450 403 2517 lonuurit’t

158 2624 206 2633 u·—
222 2626 233 2633 -
278 2626 285 2633 ›.

264 2744 279 2773 ⁸
302 2735 357 2786 Iler·
378 2735 439 2787 Reid
458 2736 508 2785 der
526 2735 599 2786 Zeile
618 2737 652 2784 ixl
673 2736 700 2784 in
720 2734 769 2784 der
791 2733 973 2797 tiendo-liris!
993 2733 1078 2784 «loiret
1100 2736 1157 2784 eim·
1173 2734 1281 2785 Aorrrdl
1303 2736 1409 2787 Krfrrte

159 2824 315 2889 mddllt.
