3390 5160
746 308 939 362 -120-

326 471 410 531 luter
435 468 493 530 lieo
526 466 623 530 emuli
657 485 742 546 pape
775 484 833 545 pro
867 465 1080 529 cardinalium
1113 466 1317 546 captivorum
1352 464 1475 529 libera·

219 585 311 647 cione
345 582 386 645 ad
430 581 554 662 ipsius¹²
585 580 853 644 intoxicacionern
899 579 983 643 clam
1021 599 1098 643 suos
1135 579 1281 644 direxere
1319 583 1475 643 conatus.

217 698 281 761 Sed
307 716 392 778 papa
417 695 457 758 de
481 694 542 758 hoc
575 694 768 758 informatus
793 693 953 774 quosdam
987 694 1048 757 sibi
1081 698 1250 775 suspectos
1283 693 1477 757 carceribus

219 811 396 890 mancipari
421 809 599 885 mandarit,
624 809 778 889 quoniam
803 808 915 888 paucis
939 812 1037 872 antea
1061 808 1176 872 diebus
1200 807 1320 889 elapsis
1336 807 1476 889 quidam

218 927 362 1005 ipsorum
386 942 486 986 manu
510 926 637 987 armata
661 923 822 1004 palacium
847 942 932 1004 pape
956 927 1054 987 noctu
1088 923 1278 987 invaserunt
1313 923 1479 987 estiman-

218 1045 267 1103 tes
290 1039 409 1118 partim
434 1038 464 1099 vi
490 1042 521 1100 et
538 1038 655 1118 partim
680 1038 790 1102 lavore
810 1037 1017 1119 quorundam
1040 1038 1125 1102 intra
1147 1032 1479 1124 pataeiunrjexisten-

217 1155 302 1218 rium
327 1153 372 1216 sic
396 1172 452 1215 eos
475 1172 571 1232 posse
595 1152 732 1216 liberare
744 1150 778 1225 b;
813 1152 871 1215 sed
904 1172 977 1215 cnm
1002 1152 1167 1233 primamc
1191 1148 1337 1216 ianuam'
1354 1152 1477 1233 palacii

217 1270 281 1331 iam
315 1270 522 1347 aperuerant,
562 1267 685 1343 audito,
728 1267 819 1347 quod
858 1285 943 1348 pape
984 1262 1324 1350 fidelibusjexcitatis
1360 1287 1478 1331 rumor

217 1381 407 1444 manifestus
432 1380 607 1456 oriebatur,
633 1381 692 1462 ipsi
718 1381 819 1443 territi
843 1384 1055 1445 recesserunt.
1103 1381 1252 1462 Cumque
1280 1401 1374 1463 papa
1399 1402 1478 1463 pre-

217 1495 388 1558 missorum
424 1497 600 1558 conatuum
645 1499 796 1560 auctores
831 1495 1020 1576 diligencius
1052 1499 1228 1560 conaretur
1260 1496 1477 1576 investigare,

216 1609 367 1672 dominus
391 1610 498 1673 Pileus
522 1609 696 1673 cardinalis
724 1609 764 1672 de
797 1609 967 1686 Ravenna,
1000 1613 1032 1674 et
1064 1605 1265 1673 cardinalis‘l
1294 1609 1340 1674 de
1374 1610 1477 1675 Petra

216 1723 301 1786 Mala
325 1724 365 1787 de
390 1724 478 1788 curia
502 1724 654 1804 fugiendo
670 1728 701 1800 ¹),
735 1735 794 1788 se*³
816 1723 900 1788 circa
928 1725 1087 1805 premissa
1110 1728 1280 1805 suspectos
1314 1725 1478 1789 reddide

216 1842 291 1901 runt
329 1843 360 1902 et
399 1839 531 1902 tandem
565 1838 759 1902 Avinionem
792 1858 827 1901 se
860 1839 1102 1916 transferentes
1144 1838 1187 1902 ab
1219 1838 1383 1920 antipapa
1425 1838 1479 1902 inf

215 1953 395 2016 cardinales
418 1954 538 2033 recepti
562 1957 646 2016 sunt.
694 1952 759 2017 Sed
783 1953 935 2017 dominus
958 1952 1065 2018 Pileus
1098 1953 1130 2016 in
1158 1953 1320 2017 maiorem
1346 1954 1478 2019 domini

215 2067 337 2130 Urbani
365 2068 595 2132 contumeliam
626 2068 786 2148 capelum,
819 2087 916 2148 quem
954 2068 997 2131 ab
1033 2087 1072 2132 eo
1104 2068 1137 2131 in
1175 2067 1301 2149 insigne
1336 2069 1478 2133 honoris

214 2181 435 2246 cardinalatus
469 2183 604 2263 accepit,
634 2182 734 2262 Papia
769 2183 800 2245 in
835 2182 911 2245 soro·
947 2182 1075 2263 publice
1107 2182 1242 2247 flamma
1273 2183 1478 2260 combussit,

215 2296 331 2358 comite
370 2297 533 2359 Virtutum
581 2297 641 2360 hoe
675 2301 804 2376 gratum
841 2295 994 2372 habente,
1033 2296 1189 2377 quoniam
1231 2296 1319 2361 idem
1361 2317 1479 2362 comes

215 2409 295 2473 alias
319 2430 434 2491 parum
460 2416 536 2474 ante
561 2412 622 2476 boc
646 2417 775 2493 tempus
799 2412 970 2493 temptavit
994 2411 1076 2475 effici
1099 2431 1156 2476 rex
1180 2414 1213 2476 et
1231 2411 1365 2476 titulurn
1381 2415 1478 2493 regni

216 2524 410 2589 lombardie
444 2526 503 2588 sibi
537 2548 557 2590 a
589 2528 723 2590 domino
761 2527 894 2591 Urbano
925 2527 1083 2591 innovari.
1139 2527 1205 2592 Sed
1234 2527 1393 2592 dominus
1413 2528 1478 2592 Ur-

216 2638 321 2703 banus
346 2641 374 2704 ei
399 2659 464 2703 non
489 2641 661 2705 consensit.
709 2643 844 2722 lnsuper
867 2643 953 2706 idern
978 2642 1161 2719 cardinalis
1195 2647 1377 2725 postquam
1403 2643 1478 2709 ab²

215 2755 372 2835 antipapa
397 2759 546 2836 receptus
570 2761 628 2831 est,
652 2757 780 2837 scripsit
803 2756 1003 2838 principibus
1026 2757 1197 2822 Alemanie
1229 2758 1262 2822 in
1289 2758 1478 2824 detractio·

217 2889 290 2932 nem
325 2869 448 2933 domini
482 2870 615 2947 Urbani,
656 2891 691 2935 se
722 2872 817 2936 nimis
842 2892 968 2937 errasse
992 2875 1024 2936 et
1056 2872 1178 2954 apertis
1205 2869 1338 2938 oculisb
1359 2873 1477 2939 lumen

215 3002 280 3046 non
305 2983 432 3060 vidisse,
458 2984 534 3048 dum
560 2985 693 3049 Urbano
718 2986 879 3051 adherens
902 2986 1061 3052 Clementi
1085 2988 1268 3053 contrarius
1295 2989 1477 3054 extitisset.

215 3099 278 3161 Sed
313 3097 492 3180 principesi
523 3101 584 3164 lroc
609 3101 641 3163 in
665 3102 714 3164 sui
739 3103 839 3183 ipsius
864 3102 1095 3167 contumeliam
1128 3105 1161 3166 et
1191 3101 1388 3167 scandalum
1424 3123 1478 3168 re·

215 3217 414 3294 torquentes,
448 3216 588 3278 maxime
621 3236 693 3279 cum
723 3217 791 3298 ipse
825 3217 999 3296 legacionis
1036 3217 1144 3283 officio
1181 3211 1394 3296 fungebatur,
1429 3221 1479 3283 eis

214 3328 335 3391 domini
375 3329 496 3394 Urbani
535 3331 670 3408 gloriam
708 3332 947 3412 predicaverat,
986 3332 1092 3414 ipsum
1131 3331 1163 3396 in
1200 3332 1371 3414 premissis
1407 3353 1477 3399 nou

305 3574 319 3600 ἃ
340 3565 409 3614 daal
435 3563 462 3618 li,
492 3563 556 3615 l‘ad.
587 3563 708 3628 tDruck).
783 3562 925 3616 bliberari
954 3562 1075 3627 (Druck).
1167 3575 1181 3604 0
1202 3563 1319 3634 primum
1345 3563 1476 3630 (Druck

215 3647 229 3687 *¹
251 3652 346 3701 rorlrrr·
366 3650 461 3704 Petrus
476 3654 678 3704 ‹lictu-lratru'rltrn
700 3654 775 3706 Cass.
832 3664 844 3692 ⁰
867 3656 894 3705 ui
913 3652 987 3706 Cass.
1052 3650 1152 3705 literar
1167 3651 1228 3708 Par.
1273 3664 1290 3702 tt
1310 3656 1386 3706 dem
1407 3654 1478 3711 Ptd.

216 3735 232 3776 ¹¹
252 3741 373 3789 :occinunt
392 3738 467 3793 Cass.
543 3738 549 3779 i
577 3741 702 3810 princeps
721 3741 782 3794 Par.

308 3963 323 4025 'J
348 3966 466 4015 Itirtrirlr
488 3983 534 4014 rou
552 3967 585 4016 N.
605 3968 631 4014 δ’.
645 3970 693 4016 111
712 3966 782 4030 pielrt
795 3967 845 4029 siti·
859 3966 902 4015 «lic
919 3966 1016 4016 Fluclrt
1031 3967 1081 4016 der
1094 3965 1188 4017 trente„
1205 3967 1356 4020 canttmrte
1374 3970 1474 4022 [νῖκαι

218 4054 316 4100 (namu
335 4070 379 4102 ern.
434 4054 488 4103 ll'ir
518 4055 695 4103 nlilitrrruisrlr
730 4054 818 4104 {idun
846 4055 884 4104 l'l
911 4054 1083 4104 lrinsichlliclt
1112 4056 1162 4106 der
1177 4057 1342 4121 Μανερῶτι
1370 4060 1474 4109 Gurdi-

217 4140 277 4188 m'tlc
298 4157 362 4199 nur,
383 4142 500 4191 crirr'ilrut
525 4142 641 4191 Ilien-teti
663 4146 689 4192 δ’.
714 4147 778 4194 lut:
806 4139 933 4208 quamdiu
953 4139 988 4193 ibi
1008 4141 1146 4205 remansit,
1173 4142 1297 4211 captivo!
1315 4143 1473 4199 miserrime

216 4226 363 4280 detinebat.
384 4233 409 4280 ct
429 4228 451 4280 ai
472 4246 551 4297 quem
572 4229 661 4281 forsan
681 4230 868 4298 conspexisset
888 4229 961 4281 horis
987 4229 1103 4284 insolitis
1131 4229 1166 4284 ad
1194 4229 1292 4285 dictam
1321 4231 1468 4287 ecetesiam

216 4315 351 4376 accedero,
373 4317 492 4384 putabat,
512 4318 591 4380 qnod.
611 4322 639 4369 ut
660 4317 746 4370 «lictus
765 4318 888 4385 captivos
908 4317 941 4369 ab
961 4316 1113 4370 huiusmodi
1141 4317 1302 4388 captivitate
1328 4317 1466 4381 libaima

216 4404 277 4456 illuc
298 4405 474 4472 pervenisset,
504 4424 605 4457 necnon
625 4425 658 4457 cx
679 4406 726 4458 tnli
746 4405 856 4474 aliquali
876 4405 1028 4474 suspicione
1057 4403 1163 4474 aliquus
1186 4405 1220 4461 de
1246 4405 1465 4461 suisouritlibu

216 4494 284 4561 cupi,
305 4494 464 4546 incarcerari
484 4500 509 4546 et
532 4495 648 4562 torqueri
669 4495 741 4547 ierit.
