3352 5166
16 833 69 874 13⁸5
79 830 150 884 Sept.
159 833 191 874 tt.

36 2930 87 2969 1336
98 2927 194 2971 lietzo.

734 308 928 370 -116-

205 472 299 554 quasi
323 467 501 536 recreando
526 492 586 535 nos
606 471 808 550 intravimus
833 473 937 538 donec
961 472 1095 537 taudem
1119 492 1139 536 a
1163 468 1308 537 Corneto
1332 474 1465 536 trecen·

206 588 257 664 tis,
283 608 303 651 a
326 587 458 652 civitate
482 607 559 652 uero
591 587 738 665 Bareusi,
771 588 813 651 ad
846 607 946 669 quam
981 590 1057 669 post
1088 586 1257 667 galearum
1291 586 1464 650 introitum

206 702 312 783 primo
337 703 496 780 venimus
521 701 607 766 mille
630 702 790 766 sexcentis
814 702 992 766 miliaribus
1023 701 1204 783 completis
1236 701 1290 765 die
1322 698 1464 765 Sabbati

207 819 249 881 23
273 817 325 881 die
354 817 476 881 mensis
503 817 704 899 Septembris
728 817 771 881 ad
795 816 959 882 civitatem
984 816 1179 881 lanuensem
1201 816 1415 898 pervenimus
1428 813 1463 898 ¹),

207 931 263 995 ubi
290 952 378 1013 papa
398 932 440 997 ad
464 932 625 1013 hospitale
649 932 753 997 sancti
777 931 931 997 iohannis
954 932 987 994 in
1015 930 1209 995 occidentali
1231 930 1338 1012 burgo
1361 929 1463 994 situm

206 1066 243 1109 se
280 1047 415 1110 contulit
453 1047 600 1128 captivos
639 1046 820 1111 cardinales
849 1066 959 1112 secum
983 1046 1189 1123 deducendo,
1221 1064 1307 1127 quos
1340 1044 1463 1111 ibidem

206 1161 391 1226 carceribus
415 1161 614 1242 mancipavit
627 1159 662 1244 t).

313 1275 436 1338 Eodem
474 1295 562 1340 anno
596 1275 739 1356 quadam
772 1280 868 1339 noete
893 1275 1013 1340 mensis
1037 1272 1225 1339 Decembris
1261 1292 1406 1351 camera,
1430 1273 1464 1337 in

207 1408 273 1469 qua
314 1408 401 1470 papa
442 1390 575 1471 quierit,
617 1389 750 1455 tremuit
760 1402 786 1467 ⁵,
828 1390 874 1454 ita
913 1394 950 1453 ut
991 1384 1206 1452 cubiculariib
1243 1388 1314 1451 eius
1347 1387 1465 1453 etalii

207 1522 309 1584 prope
333 1503 440 1566 locum
464 1502 554 1566 illum
579 1503 783 1584 quiescentes
807 1502 970 1584 perterriti
985 1502 1096 1567 stratis
1115 1500 1285 1577 exilirent3
1308 1504 1344 1564 et
1363 1519 1465 1565 mane

207 1618 292 1681 lacto
316 1617 401 1681 alter
424 1617 465 1680 ad
490 1618 629 1681 alterum
663 1617 761 1681 dixit:
798 1617 974 1698 ,Numquid
1011 1637 1078 1681 uon
1110 1615 1240 1680 sensisti
1271 1614 1336 1680 hac
1365 1618 1465 1680 nocie

208 1744 333 1803 motum
358 1740 461 1803 tocius
485 1740 600 1822 palacii
626 1741 784 1804 lactum?‘
833 1740 898 1804 Sed
923 1740 996 1804 licet
1019 1739 1136 1803 eodem
1160 1744 1310 1820 tempore
1343 1756 1406 1818 ego
1430 1738 1464 1801 in

207 1855 322 1919 eodem
346 1855 473 1936 palacio
498 1855 712 1933 dormiebam,
746 1875 812 1919 uon
843 1859 955 1920 tauron
984 1874 1043 1935 ego
1067 1874 1128 1919 nec
1151 1855 1254 1919 eciam
1278 1852 1400 1937 aliquis
1423 1852 1466 1917 de

207 1970 278 2046 illis,
302 1970 358 2051 qui
383 1990 511 2034 mecum
536 1971 568 2033 in
593 1991 658 2035 una
682 1990 813 2035 camera
837 1970 1040 2053 quieverunt,
1073 1972 1200 2033 motum
1233 1967 1325 2032 illum
1350 1986 1468 2050 perce·

208 2084 324 2164 pimus,
350 2085 456 2147 sicut⁰
479 2104 539 2149 nee
562 2085 672 2166 plures
696 2084 749 2149 alii
773 2085 806 2148 in
835 2084 971 2148 dirersis
999 2084 1077 2148 locis
1101 2083 1202 2165 ipsius
1234 2082 1354 2165 palacii
1386 2081 1466 2147 dor·

208 2200 345 2263 mienles
378 2199 464 2262 hunc
498 2203 622 2263 motum
657 2203 883 2281 perceperunt.
943 2199 980 2262 Et
1012 2197 1088 2261 inde
1120 2200 1351 2280 presumptum
1375 2192 1466 2274 esti,

207 2318 334 2377 motum
367 2313 457 2376 illum
490 2333 557 2377 non
591 2313 688 2377 luisse
712 2314 907 2391 naturalem,
941 2318 973 2377 et
1006 2313 1051 2377 sic
1083 2311 1187 2378 eciam
1225 2312 1350 2376 lactum
1384 2311 1466 2375 illud

207 2448 274 2492 non
299 2432 347 2493 est
371 2428 584 2507 divulgatum.

741 2644 839 2726 Cap.
868 2644 925 2708 81.

316 2783 455 2847 Postbec
480 2784 613 2865 quidam
649 2784 689 2848 de
723 2803 822 2865 regno
848 2785 982 2849 Fraucie
1015 2802 1098 2848 ausu
1130 2782 1288 2863 sacrilego
1316 2780 1467 2846 tumidus

209 2898 403 2980 prophetam
434 2918 469 2962 se
493 2899 660 2976 simulans
694 2900 807 2981 quinta
831 2900 883 2962 dio
915 2898 1037 2963 mensis
1069 2897 1179 2962 Marcii
1212 2916 1286 2962 eum
1319 2898 1466 2978 quatuor

209 3012 421 3077 familiaribus
447 3015 582 3078 lanuam
607 3014 784 3096 equitando
808 3014 966 3095 pervenit.
1013 3012 1074 3076 Hic
1106 3012 1147 3076 de
1175 3030 1310 3076 suorum
1345 3011 1466 3076 verbo·

208 3147 281 3191 rum
314 3127 539 3192 disertitudine
576 3130 727 3204 confisus,
761 3128 855 3209 quasi
888 3128 1006 3191 missus
1039 3127 1121 3189 toret
1153 3126 1277 3203 alteo,
1309 3136 1465 3208 papam⁰

208 3242 441 3307 circumvenire
474 3243 655 3324 temptavit.
711 3243 796 3306 Nam
833 3242 885 3305 die
922 3244 1089 3323 sequente,
1127 3239 1285 3305 talaribus
1317 3240 1467 3303 vestibus

210 3355 308 3433 nigris
333 3355 475 3427 indutus,
499 3360 627 3421 statura
651 3374 798 3435 magnus,
827 3356 917 3436 nigre
941 3355 1044 3419 barbe
1066 3354 1253 3437 prolixitate
1284 3356 1317 3417 et
1349 3353 1466 3417 oculo·

211 3488 282 3531 rum
306 3470 515 3551 depressione
539 3477 673 3552 aspectu
697 3472 808 3548 serius,
843 3490 955 3535 versus
980 3469 1143 3551 palacium
1167 3487 1252 3549 pape
1275 3488 1311 3532 se
1334 3467 1464 3533 direxit.

211 3584 310 3648 Cuius
349 3585 526 3649 adrentum
566 3606 652 3667 papa
691 3586 854 3667 presciens
895 3590 1002 3649 certos
1040 3583 1194 3665 prelatos,
1231 3586 1263 3647 et
1307 3581 1466 3664 precipue

210 3698 437 3779 Francigenas,
471 3700 514 3764 ad
546 3720 581 3764 sc
615 3699 723 3763 venire
756 3698 924 3763 mandarit
957 3702 989 3761 et
1022 3697 1162 3780 prandio
1195 3696 1280 3760 laeto
1304 3694 1392 3761 hunc
1421 3696 1465 3760 ad

211 3813 260 3876 sui
294 3813 496 3894 presenciam
533 3815 642 3877 venire
674 3814 837 3895 permisii;
879 3813 933 3894 qui
967 3833 1041 3876 cum
1075 3812 1118 3877 ad
1150 3810 1354 3895 presencium
1377 3830 1467 3893 pape

211 3927 309 4005 venit,
345 3928 496 3991 Latinum
535 3928 622 4010 loqui
662 3949 697 3992 se
729 3928 852 3992 nescire
891 3930 1077 4008 protestans
1089 3924 1115 4005 f,
1166 3944 1277 3991 coram
1329 3923 1467 4007 prelatis

301 4121 317 4149 ¹⁸
336 4109 439 4162 tremiit
458 4109 523 4163 Pad.
633 4107 648 4149 l»
667 4107 849 4163 cubiculorum
869 4109 929 4162 Par.
1039 4108 1115 4163 esic
1142 4105 1207 4162 l'ad.
1297 4102 1314 4144 ‘¹
1333 4106 1406 4159 deest
1434 4102 1466 4161 11·

212 4228 226 4257 e
248 4200 318 4251 dcccl
336 4197 401 4251 Pad.
476 4194 488 4237 s
510 4200 676 4267 protestatus
695 4196 816 4263 (Druck).

304 4361 323 4429 ¹)
343 4364 395 4415 Dic
415 4364 539 4428 Sccsnlrrl
558 4363 604 4413 lml
619 4363 713 4413 militia
730 4366 764 4411 :55
776 4363 846 4429 'l'npc
858 4363 995 4428 peduculi.
1021 4390 1042 4397 -
1064 4356 1084 4425 ¹)
1101 4360 1188 4425 l‘crpl.
1205 4357 1324 4411 Dictciclr
1341 4374 1388 4409 rum
1400 4358 1466 4411 b'te-

213 4451 281 4503 lirim
305 4454 332 4504 S.
354 4456 412 4504 roa.
453 4453 548 4503 Ilionei*
567 4452 694 4515 crrcstlnu,
714 4452 763 4501 dci·
785 4452 856 4517 Ilopr
875 4451 931 4502 carrd
950 4451 1058 4516 Brirpcr
1087 4466 1134 4498 rou
1166 4452 1260 4499 clenna
1288 4446 1378 4497 mucce
1405 4446 1464 4499 airh

212 4540 359 4607 ccrpcdliclr
377 4558 412 4592 un
428 4542 479 4593 den
499 4542 582 4607 Ilipa!
601 4542 648 4591 ruit
667 4540 716 4591 dcr
735 4540 807 4591 bun
823 4540 954 4605 peccandi,
974 4538 1017 4589 die
1032 4536 1196 4603 peferrpcnen
1220 4534 1370 4587 t'nrdiudlc
1396 4534 1467 4600 [rei-

212 4629 346 4679 silicinam.
