3390 5160
779 340 951 393 -24..

234 517 308 560 0ssa
342 497 445 559 suncti
484 497 705 560 Barthoiornei
745 497 920 561 continere.
968 497 1086 560 Dicunt
1119 495 1217 571 euim,
1256 501 1355 577 prout
1379 496 1486 560 abeis

235 612 265 674 in
290 611 404 675 cadom
429 611 559 675 civitate
583 612 702 687 audivi,
727 612 922 692 *quodcum
941 610 1302 692 imperator-mandavit
1327 611 1388 673 sibi
1413 631 1483 673 ossa
1501 642 1536 681 c.

233 725 373 806 apostoli
398 727 587 805 presentari,
621 731 808 806 presentata
842 731 917 790 sunt
950 727 978 790 ei
1004 746 1078 790 ossa
1103 726 1236 790 alterius
1259 726 1407 807 corporis
1428 726 1486 788 sub

233 842 365 904 nomine
399 841 520 903 ossium
553 842 656 906 sancti
692 841 925 916 Bartholomci,
960 861 1023 922 quc
1059 843 1237 924 imperator
1264 843 1309 905 sic
1333 842 1487 923 deceptus

235 954 375 1019 Romam
411 954 560 1034 perduxit
619 1004 1487 1020 ............

120 1476 195 1524 tw·
344 1456 422 1510 Otto
450 1457 576 1510 tercius
606 1458 763 1526 puerulus
791 1457 924 1510 duorum
948 1474 1104 1512 snuoruur
1124 1463 1198 1528 post
1216 1463 1353 1512 mortem
1384 1461 1488 1528 putris

235 1571 317 1606 anuo
337 1552 465 1606 Domini
485 1554 545 1608 984
584 1595 589 1606 .
629 1597 634 1608 .
672 1597 678 1608 .
717 1554 876 1622 iurogcm
901 1557 1121 1608 consecratur
1167 1597 1488 1610 ......

50 1659 185 1708 musmo.
201 1665 219 1702 r.
342 1651 418 1701 Anno
447 1648 552 1702 Domini
580 1649 732 1705 millesimo.
770 1650 846 1717 regni
880 1648 990 1703 Ottonis
1016 1650 1119 1704 decimo
1147 1650 1272 1720 septimo.
1292 1651 1399 1722 imperii
1432 1652 1490 1705 eius

235 1749 338 1814 quarto,
359 1745 531 1814 pontificatus
551 1745 672 1799 Retbnrii
693 1746 810 1816 episcopi
831 1746 1062 1801 Psderburnsnsie
1081 1764 1150 1800 enno
1169 1746 1273 1800 decimo
1292 1765 1372 1805 nono.
1392 1748 1490 1801 rirites

235 1840 434 1894 Puderiontenu
462 1842 585 1894 incendio
614 1846 722 1895 vestuta
742 1846 794 1895 cst
820 1847 852 1895 ot
871 1843 960 1896 nobile
979 1843 1136 1912 principalis
1164 1843 1278 1898 ecclesie
1298 1847 1489 1898 monasterinm

235 1937 355 2007 precipui
373 1939 463 2006 operis
481 1942 509 1990 et
528 1938 632 1992 decoris
650 1957 666 1992 u
686 1939 784 1992 tierolo
824 1939 963 1993 fundatum
992 1945 1020 1993 et
1048 1939 1225 1994 sBedursdo
1253 1941 1383 2010 episcopo
1409 1942 1490 1995 eins-

236 2033 304 2086 dem
324 2034 468 2087 ecclesio
487 2038 701 2088 consummatum
722 2053 782 2088 cum
801 2035 893 2098 libris,
914 2035 1074 2104 privilegiis,
1094 2035 1223 2105 plenariis
1242 2035 1358 2106 aliisque
1378 2037 1491 2091 ecclesie

235 2131 401 2184 ornamentis
420 2131 609 2197 conflagretur.
648 2131 755 2195 Quare
775 2132 956 2185 Rethsrius
971 2133 1150 2202 opiscopus
1177 2133 1270 2186 misit
1294 2134 1436 2188 nuncios
1454 2135 1491 2187 sd

236 2227 344 2280 urbem
365 2226 539 2280 Romanum
559 2233 591 2280 ct
610 2232 675 2281 ism
702 2246 824 2281 summo
854 2227 1012 2297 pontifici
1041 2246 1135 2298 quum
1165 2229 1363 2299 imperatori
1384 2230 1492 2284 occie-

235 2324 283 2377 sie
303 2342 358 2376 sue
379 2323 579 2377 detrimento
608 2325 794 2388 insinuans,
824 2325 931 2378 omniu
960 2325 1145 2394 privilegis
1173 2326 1320 2381 ecclesie
1339 2344 1399 2380 suo
1418 2344 1492 2397 pre·

236 2420 324 2474 dicte
344 2426 408 2474 tom
439 2439 454 2474 u
485 2421 640 2475 Romanis
672 2422 895 2490 pontificibus
923 2439 1017 2491 quum
1046 2423 1308 2492 imperatoribus
1330 2441 1493 2478 concesse

236 2518 340 2587 peciit
360 2517 534 2575 innovari.
554 2536 614 2587 quc
633 2522 664 2571 et
685 2518 1022 2572 innovetusunttsm
1052 2537 1068 2573 e
1096 2537 1181 2589 psps
1208 2536 1302 2586 quem
1332 2520 1398 2573 sbfl
1428 2522 1493 2574 im·

235 2618 390 2684 peratore
410 2613 468 2668 sub
488 2613 565 2667 dats
585 2614 652 2668 Kal.
672 2612 824 2668 Junusrii
853 2632 935 2668 anno
959 2614 1086 2669 Domini
1111 2615 1291 2670 millesimo
1309 2617 1492 2686 pontifics·

235 2714 289 2764 tus
308 2727 389 2780 pape
409 2710 598 2779 Sylvestri.
626 2711 680 2779 qui
701 2718 776 2764 onte
796 2710 909 2765 dictus
928 2711 994 2764 tuit
1012 2710 1211 2776 (imbertus,
1231 2729 1316 2766 anuo
1335 2712 1493 2769 secundo.

236 2805 373 2860 Ottonis
398 2808 527 2876 imperii
566 2807 693 2860 docimo
712 2808 853 2872 octuvo')
857 2849 1492 2864 ...........

238 2936 241 2940 ’
344 2923 382 2986 Et
415 2924 565 3004 quamvis
597 2927 663 2987 tres
692 2923 829 2987 Ottones
862 2925 1038 3005 supmdicti
1071 2944 1129 3006 per
1161 2926 1404 2990 successionem
1437 2945 1493 3003 ge·
1507 2935 1549 2979 δή

236 3037 321 3100 noris
354 3042 580 3115 regnaverunt,
615 3041 729 3119 postea
772 3043 893 3114 tamen,
933 3058 1006 3102 curn
1054 3039 1224 3121 imperium
1269 3039 1359 3121 apud
1405 3041 1494 3105 solos

236 3151 382 3215 Saxones
416 3149 507 3215 tereb
542 3171 599 3233 por
610 3149 624 3187 ¹¹
650 3172 755 3215 annos
779 3159 909 3216 centum
935 3153 1179 3234 perduraverat,
1204 3154 1390 3218 institutum
1424 3155 1495 3229 tuit,

236 3270 272 3328 ut
304 3285 362 3348 per
394 3266 555 3347 principes
579 3266 732 3329 otiiciates
765 3266 888 3346 imperii
932 3267 974 3332 de
1006 3272 1113 3332 cetero
1146 3268 1326 3350 imperator
1358 3267 1495 3351 eligere·

237 3386 325 3456 tum,
358 3381 413 3461 qui
448 3381 564 3443 modus
599 3399 701 3460 usquo
734 3381 775 3444 ad
809 3400 942 3460 presens
971 3386 1100 3462 tempus
1123 3381 1306 3464 perdurans
1340 3402 1496 3448 nonnun-

236 3515 334 3576 quam
359 3495 460 3576 glorie
484 3495 660 3575 imperialis
684 3494 849 3574 dignitatis
869 3496 1045 3576 pernicicm
1070 3495 1186 3572 intulit,
1210 3501 1308 3577 prout
1333 3499 1391 3561 in‘
1416 3499 1496 3563 sub-

236 3610 447 3690 sequentibus
470 3608 605 3688 diligens
638 3609 740 3672 tector
763 3609 880 3690 proterit
905 3610 1087 3691 ponderare
1091 3660 1496 3678 ......

771 3833 867 3910 (inp.
902 3832 955 3893 51.

51 4001 213 4045 numm
216 4021 790 4039 .........
839 3970 943 4033 Huius
973 3991 1060 4034 nuno
1095 3975 1214 4053 quarto
1227 3975 1251 4048 ²)
1298 3979 1385 4034 obiit
1417 3982 1496 4036 biso

237 4086 413 4154 episcopus
438 4085 743 4143 i’arierburnensis;
775 4084 825 4136 cui
846 4084 1013 4137 successit
1032 4082 1199 4145 'thidericus
1219 4084 1274 4152 qui
1294 4085 1367 4138 rexit
1388 4086 1495 4155 ipsum

345 4286 358 4312 ¹¹
380 4275 412 4326 ab
433 4277 502 4325 der-st
523 4272 586 4325 t’nd.
613 4272 640 4326 b.
716 4271 729 4308 ¹¹
746 4272 854 4325 'terebat
875 4271 934 4326 i'sr.
996 4285 1008 4308 ί·
1033 4271 1186 4339 clegi-retur
1205 4270 1270 4326 Pru.
1328 4288 1342 4313 υ
1364 4274 1409 4327 iue
1427 4272 1495 4329 Pru

344 4464 362 4528 ¹)
389 4465 474 4528 Vergil.
502 4464 642 4517 ii'r'lmurrn,
664 4480 729 4512 rnn.
747 4463 830 4519 0.,11
861 4463 909 4512 Nr'.
931 4466 990 4513 12²1.
1014 4489 1042 4495 -
1066 4460 1085 4519 ²)
1101 4461 1277 4525 Iteruies'ehen
1302 4462 1494 4529 Zeitnuqabeu,

236 4555 353 4604 diesteh
374 4555 426 4613 rrrrf
444 4555 493 4600 mn
515 4551 599 4602 neuen
620 4554 690 4599 einen
709 4551 804 4599 rnrhrr
823 4550 974 4599 errcr'thnten
1001 4549 1112 4614 [ἀρείω
1141 4548 1273 4613 heticium,
1300 4551 1366 4601 ried
1392 4550 1493 4603 dereb-

238 4660 290 4707 περ
307 4642 405 4704 frutecti.
