3390 5160
742 312 934 369 -218-

218 494 420 555 consequens
445 473 627 537 membrum
652 470 793 554 dyaboli,
827 490 892 533 non
917 470 1017 535 babet
1042 473 1240 552 potestatem
1265 489 1365 552 super
1389 470 1460 535 lide·

214 589 259 652 les
288 589 463 669 abaliquo
488 587 548 650 sibi
573 586 685 651 datam
710 586 877 649 nisisorte
910 585 1082 651 aCesure.
1138 584 1219 649 Item
1253 589 1330 666 post
1364 585 1460 648 L'rlm·

215 723 291 765 num
318 706 444 766 sextum
469 721 533 764 non
560 705 609 765 est
632 701 748 781 aliquis
773 698 976 781 reeipiendus
1000 699 1031 763 in
1056 718 1189 781 papam,
1213 698 1271 763 sed
1292 698 1460 763 vivendum

216 821 264 881 est
289 836 379 880 more
405 816 581 880 Grecorurn
606 816 666 878 sul)
692 814 815 895 legibus
839 813 987 896 propriis.
1035 813 1115 878 Item
1139 816 1255 878 eontra
1271 814 1460 895 scripturum

214 950 341 996 sacram
366 934 424 1007 est,
454 931 541 1010 quod
566 930 624 993 viri
659 929 865 1000 ecclesiastici
898 928 1068 994 babeanta
1096 928 1332 1010 possessiones.
1388 928 1460 993 ltem

215 1045 322 1108 nullus
354 1045 500 1125 prelatus
535 1043 632 1109 debet
665 1044 807 1124 aliquem
842 1041 1135 1119 excommunicare,
1168 1042 1230 1106 nisi
1264 1042 1356 1124 prius
1387 1040 1461 1105 sciat

215 1179 289 1223 eum
315 1158 631 1224 excommunicatum
665 1178 685 1221 a
719 1156 797 1234 Dee,
837 1156 947 1238 etqui
972 1156 1315 1231 sicexcommunicut,
1350 1155 1461 1220 bereti·

215 1292 270 1337 cus
295 1293 334 1336 ex
357 1273 419 1336 boc
443 1272 492 1335 vel
517 1272 816 1336 excommunicatus
840 1275 899 1334 est.
956 1270 1037 1334 Item
1070 1269 1215 1352 prelatus
1244 1269 1462 1334 excommuni-

215 1405 292 1452 cans
315 1387 477 1462 elerieum,
502 1386 557 1467 qui
581 1386 756 1467 appellavit
780 1386 822 1450 ad
848 1405 956 1464 regern
981 1385 1079 1450 etad
1103 1383 1276 1448 concilium
1300 1385 1400 1463 regni,
1426 1403 1461 1447 eo

216 1500 286 1582 ipso
310 1504 359 1564 est
383 1499 520 1564 traditor
543 1501 626 1579 regis
651 1503 683 1564 et
707 1499 806 1580 regni.
854 1500 934 1563 ltem
961 1499 1067 1563 nullus
1095 1501 1145 1563 est
1176 1497 1331 1562 dominus
1358 1497 1461 1571 civilis,

216 1614 323 1677 nullus
355 1617 404 1678 est
436 1613 591 1695 prelatuS,
629 1613 735 1678 nullus
767 1618 817 1678 est
840 1614 1021 1696 episcopus,
1063 1612 1142 1677 dum
1175 1615 1225 1677 est
1257 1611 1292 1677 in
1333 1614 1461 1693 peccalo

216 1728 357 1793 mortali.
402 1727 483 1791 Item
520 1728 642 1792 domini
680 1728 877 1810 temporales
909 1723 1073 1810 possuntb
1092 1725 1133 1791 ad
1166 1726 1340 1792 arbitrium
1373 1745 1462 1789 suum

216 1842 343 1908 auferre
375 1842 463 1906 bona
496 1843 689 1924 temporalia
722 1843 764 1909 ab
798 1843 933 1908 ecclesia
969 1841 1220 1925 possessionatis
1259 1839 1463 1905 habitualiter

215 1955 488 2038 delinquentibus,
520 1956 553 2021 id
586 1961 635 2022 est
668 1977 707 2021 ex
736 1957 849 2029 babitu
878 1976 945 2021 non
977 1956 1048 2021 solo
1086 1959 1162 2021 actu
1192 1954 1461 2038 delinquentibus.

216 2071 296 2135 ltem
322 2071 497 2153 populares
521 2076 658 2153 possunt
681 2071 747 2136 ad⁰
770 2072 939 2136 arbitrium
964 2089 1059 2135 suum
1092 2070 1244 2135 dominos
1276 2068 1463 2151 delinquen·

217 2188 265 2248 tes
289 2185 458 2265 corrigere.
505 2187 585 2251 ltem
610 2186 735 2251 decime
758 2190 834 2250 sunt
862 2205 943 2268 pure
976 2185 1161 2262 elemosine,
1196 2187 1229 2249 et
1261 2182 1464 2266 parrochiani

217 2303 353 2380 possunt
387 2305 521 2382 propter
552 2305 686 2383 peecata
715 2320 848 2365 suorum
882 2295 1109 2382 prelatorum<¹
1138 2298 1181 2363 ad
1213 2297 1344 2362 libitum
1374 2315 1462 2361 snum

217 2423 297 2477 eas⁰
318 2414 454 2478 auterre.
489 2415 569 2479 ltem
593 2415 762 2480 conferens
786 2415 997 2483 elemosinam
1022 2413 1190 2480 Fratribus
1214 2415 1266 2477 est
1279 2431 1464 2479 excommu-

217 2527 343 2592 nicatus
367 2548 405 2593 ex
429 2529 525 2594 lacto,
573 2533 653 2594 ltem
681 2529 865 2609 ingrediens
897 2529 1086 2610 religionem
1121 2528 1286 2610 privalam
1321 2524 1465 2608 qualern·

218 2661 345 2752 eunque
392 2646 460 2706 tam
498 2645 813 2725 possessionatorum
860 2663 961 2726 quum
1008 2642 1280 2722 mendicandum,
1324 2640 1466 2706 redditur

217 2755 360 2838 inepcior
384 2761 415 2822 et
439 2756 634 2822 intrabilior‘
656 2760 698 2824 ad
722 2759 969 2825 observanciam
994 2759 1225 2823 mandatorum
1259 2755 1330 2821 Dei.
1387 2754 1528 2861 Ιῑειιιξόῑι

218 2872 321 2936 sancti
347 2873 551 2937 instituentes
575 2874 744 2952 religiones
768 2875 913 2956 privatas
936 2873 981 2937 sic
1009 2870 1208 2937 instituendo
1240 2874 1465 2953 peecaverunt.

218 2985 299 3049 Item
325 2986 464 3067 religiosi
488 2988 633 3052 viventes
657 2989 689 3051 in
713 2988 922 3068 religionibus
948 2987 1083 3071 privatis
1115 3005 1181 3050 non
1213 2988 1292 3050 sunt
1323 2983 1366 3049 de
1398 2982 1467 3048 reli·

218 3099 314 3178 gione
346 3100 532 3165 christiana.
595 3101 674 3166 llem
699 3102 828 3166 Fratres
861 3105 1013 3169 tenentur
1037 3120 1094 3184 per
1129 3098 1278 3166 laborem
1311 3117 1467 3165 manuum

218 3233 351 3278 suarum
376 3216 497 3278 rictum
521 3235 658 3297 querere
681 3234 747 3279 non
771 3236 829 3297 per
852 3215 1106 3280 mendicitatem.
1153 3213 1233 3278 item
1258 3232 1376 3277 ornnes
1396 3215 1468 3277 sunt

219 3330 407 3412 symoniaci,
432 3332 487 3412 qm
511 3352 546 3394 se
569 3331 740 3410 obligaris
769 3351 863 3395 orare
895 3350 955 3412 pro
988 3330 1069 3407 aliis,
1099 3328 1146 3394 eis
1177 3328 1211 3393 in
1235 3327 1467 3412 temporalibus

219 3444 495 3508 subvenientibus.
542 3446 622 3508 ltem
656 3442 793 3509 onmiah
822 3445 864 3510 de
895 3445 1089 3510 necessitate
1121 3442 1274 3509 absoluta
1307 3442 1467 3508 eveniunt.

220 3558 299 3621 ltem
326 3559 562 3636 universitates
587 3560 705 3635 studia,
729 3559 874 3639 collegia,
898 3559 1135 3638 graduaciones
1166 3560 1201 3622 et
1226 3556 1468 3637 magisteriain

221 3672 341 3737 eisdem
375 3678 451 3737 sunt
484 3694 522 3736 ox
555 3693 640 3738 varra
673 3674 850 3751 gentilitate
889 3673 1074 3736 introducta
1107 3676 1139 3737 et
1170 3673 1301 3737 tanturn
1335 3676 1469 3754 prosunt

221 3787 353 3852 ecclesie
385 3791 544 3868 quantum
579 3788 747 3869 dyabolus,
795 3788 875 3851 ltem
900 3785 1195 3852 exconnnunicacio
1222 3805 1310 3869 pape
1342 3786 1393 3853 vel
1425 3786 1469 3851 al·

224 3902 322 3964 terius
355 3904 574 3983 cuiuscunque
607 3902 721 3983 prelati
755 3922 819 3965 nou
853 3905 902 3965 est
934 3901 1089 3977 timenda,
1122 3900 1200 3983 quia
1231 3904 1283 3965 est
1315 3896 1469 3967 censurai

222 4016 422 4079 Antielrristi.
471 4018 549 4079 ltem
575 4021 711 4097 percant
745 4017 918 4079 fundantes
951 4015 1150 4080 monasteria
1189 4017 1224 4079 et
1255 4014 1470 4095 ingredientes

223 4152 262 4195 ea
295 4136 370 4194 sunt
405 4131 463 4193 riri
497 4131 666 4213 dyalmliei.
721 4131 800 4194 ltenr
834 4131 938 4195 ditare
961 4129 1083 4194 clerum
1115 4131 1165 4194 est
1187 4132 1304 4195 contra
1327 4130 1469 4212 regulam

224 4244 352 4309 Christi.
401 4245 479 4309 ltenr
511 4245 665 4308 Silvester
697 4265 783 4326 papa
817 4248 849 4308 et
871 4244 1105 4309 Constantinus
1137 4243 1319 4326 imperator
1345 4264 1470 4311 errare·

313 4446 328 4473 ⁸
348 4432 448 4486 hubent
469 4432 528 4485 Par.
575 4431 720 4502 bpossent
739 4433 798 4487 Par.
846 4444 928 4503 ‘per
949 4433 1009 4487 l‘ar.
1056 4430 1257 4502 dprelntomm
1274 4448 1387 4489 nomn
1413 4432 1472 4489 Pu.

224 4533 305 4575 ⁰eos
326 4521 388 4574 l'rd.
463 4522 474 4560 ἴ
501 4520 624 4574 inabilior
656 4522 716 4576 l'ar.
790 4521 947 4588 uobligant
973 4538 1003 4574 so
1032 4520 1060 4575 [ι.
1107 4518 1215 4574 hum
1245 4518 1277 4577 l..
1351 4518 1361 4564 ἲ
1388 4522 1472 4577 iim

223 4627 286 4663 sura
304 4610 366 4664 Par.
