3390 5160
765 369 783 374 --
826 337 929 397 ro-,

217 491 265 554 vel
291 491 499 556 bebdomada
523 493 686 557 carrionicis
711 494 947 568 ministrantur,
977 512 1042 556 non
1068 492 1187 556 debere
1211 511 1272 573 pro
1296 490 1459 554 cotidianis

217 607 502 670 ‹listribuciouibus
526 609 719 689 computari.
754 609 810 672 sed
835 609 887 672 illa
912 611 1040 671 tantum
1065 626 1129 688 que.
1153 605 1272 670 cotidie
1296 624 1357 686 pro
1380 605 1459 667 diur-

217 723 266 784 nis
299 726 331 784 et
364 722 530 785 nocturnis
569 722 655 786 horis
689 724 929 787 distribuuntur
965 723 1035 786 sine
1068 721 1192 785 fraude.
1249 720 1330 783 lteru
1355 719 1460 782 statuit

216 844 339 902 certum
366 838 498 901 modum
523 838 656 903 taxandi
682 839 791 904 literas
815 839 1012 920 apostolicas
1045 842 1077 901 et
1106 855 1166 918 pro
1200 839 1345 918 quatuor
1376 834 1460 898 lineis

216 975 315 1018 riuum
341 974 489 1034 grossum
514 955 738 1020 Turonensem
764 956 887 1021 taxavit
911 959 943 1018 et
967 954 1086 1018 lineam
1111 954 1143 1015 in
1167 952 1228 1016 hoc
1243 971 1321 1016 casu
1338 956 1459 1015 centurn

217 1061 454 1142 quinquaginta
479 1061 589 1124 literas
612 1081 669 1125 seu
696 1062 805 1141 viginti
826 1061 971 1142 quinque
1000 1060 1158 1124 dictiones
1190 1058 1359 1122 continere
1391 1057 1462 1120 esti·

216 1175 341 1240 mavitn
359 1174 390 1257 ¹).
448 1176 528 1240 ltem
562 1177 786 1257 episcopatum
825 1176 1027 1239 Tolosanum
1067 1175 1099 1237 iu
1139 1173 1284 1254 quinque
1323 1172 1462 1235 dioceses

215 1290 323 1353 divisit
347 1295 379 1354 et
403 1290 570 1354 ecclesiam
597 1291 628 1354 in
654 1291 942 1371 metropolitanam
976 1290 1076 1354 erexit
1105 1288 1269 1352 subiciens
1301 1286 1362 1350 sibi
1395 1286 1463 1349 reli·

215 1424 297 1486 quas
321 1410 464 1486 quatuor
488 1405 639 1469 ecclesias
663 1406 705 1469 ab
730 1405 801 1487 ipsa
824 1405 949 1469 decisas
964 1404 999 1486 Ἰ).
1039 1405 1118 1467 ltem
1143 1400 1309 1484 prohibuit
1335 1403 1461 1465 canturn

217 1520 284 1582 lieri
322 1520 353 1582 in
386 1519 473 1582 horis
506 1519 671 1583 canonicis
705 1524 737 1584 et
770 1520 802 1582 in
835 1519 941 1583 missis
974 1538 1048 1582 cum
1082 1517 1242 1592 discantu,
1277 1515 1381 1596 triplis
1408 1511 1463 1578 etb

216 1635 370 1698 motetise
401 1635 588 1714 vulgaribus
601 1635 635 1715 ¹⁵).
676 1634 741 1698 Nec
766 1639 876 1699 tamen
900 1653 959 1715 per
981 1632 1043 1697 hoc
1067 1631 1170 1696 voluit
1192 1629 1368 1713 prohibere
1390 1648 1464 1693 cou-

215 1750 387 1814 sonancias
420 1749 603 1827 musicales,
638 1749 786 1815 videlicet
823 1755 967 1825 octavus,
999 1748 1130 1830 quintas
1165 1751 1197 1811 et
1232 1749 1379 1828 quartas
1421 1745 1464 1808 sic

217 1865 305 1945 quod
330 1865 453 1929 musica
478 1864 561 1928 bene
586 1862 736 1928 ruotata‘¹
758 1884 816 1946 per
848 1867 936 1945 ipsas
968 1883 1034 1928 non
1059 1864 1258 1927 immutetur.
1307 1860 1387 1925 ltem
1411 1859 1465 1923 de-

216 1979 352 2043 claravit
376 1984 409 2043 et
432 1981 579 2044 recitavit
613 1981 784 2062 imperium
822 1980 950 2043 devolvi
983 1979 1025 2044 ad
1058 1979 1246 2042 Romanum
1280 1977 1464 2058 pontillcern

215 2115 273 2176 per
297 2095 423 2158 obitum
448 2096 654 2176 imperatoris
678 2097 802 2177 etipse
826 2115 905 2159 usus
928 2100 977 2159 est
1001 2096 1033 2158 in
1057 2092 1254 2176 quibusdam
1277 2091 1378 2156 literis
1401 2091 1465 2155 suis

215 2211 410 2274 auctoritate
435 2210 592 2292 imperiali
617 2210 712 2274 siuiul
736 2215 768 2274 et
792 2211 982 2292 apostolica,
1017 2213 1052 2273 ut
1084 2210 1117 2273 in
1159 2207 1464 2288 extravagantibus:

217 2327 252 2385 δι’
277 2326 444 2406 fennenae
476 2330 506 2388 et
539 2325 577 2387 In
611 2326 791 2387 delicturum
807 2325 842 2407 ⁴).
899 2326 971 2406 lpse
1004 2324 1046 2389 ad
1088 2322 1359 2406 complacendum
1402 2321 1464 2401 regi

216 2440 350 2503 Francie
374 2440 580 2504 Lodewicum
606 2460 714 2521 regem
740 2439 965 2505 Romanorum
996 2438 1290 2504 excommunicavit
1302 2436 1337 2520 ⁵).

322 2554 418 2617 Aurio
443 2555 586 2618 secundo
611 2554 706 2617 buius
730 2574 815 2636 pape
848 2555 937 2618 curia
970 2553 1093 2635 capelle
1126 2551 1262 2618 sanctef
1286 2551 1464 2625 Trinitatis,

215 2669 274 2731 site
314 2668 345 2730 in
385 2668 519 2733 ecclesia
560 2669 835 2744 l‘aderburnensi,
869 2668 974 2733 eidem
1010 2668 1133 2750 capelle
1166 2669 1291 2733 donata
1325 2673 1374 2732 est
1410 2686 1466 2750 per

217 2783 432 2846 Wernherum
457 2783 497 2846 de
517 2783 692 2848 Brcnkent
726 2784 919 2848 canonicum
944 2783 1077 2848 ecclesie
1101 2783 1390 2848 paderburnensis.

323 2897 403 2960 Item
429 2898 497 2978 ipse
521 2899 681 2962 concessit
704 2900 831 2978 gracias
856 2899 1094 2980 exspectativas
1118 2898 1160 2962 ad
1183 2897 1344 2963 beneficia
1367 2898 1466 2963 eccle·

216 3014 345 3077 siastica
370 3033 443 3076 curu
468 3014 612 3077 clausula
638 3015 811 3089 ,anteferri
842 3018 874 3078 ct
907 3014 1008 3078 eciam
1032 3014 1192 3078 concessit
1215 3014 1465 3079 reservaciones.

216 3131 288 3210 lpse
299 3126 314 3167 ¹¹
343 3134 518 3210 postquam
551 3150 648 3193 senex
682 3132 815 3195 effectus
853 3133 911 3205 est,
950 3129 1101 3212 desipuit,
1134 3129 1308 3211 predicans
1341 3131 1467 3196 animas

215 3248 384 3326 separatas
416 3265 435 3307 a
473 3245 661 3325 corporibus
695 3266 760 3309 nou
799 3244 907 3311 videre
940 3246 1118 3311 esseneiam
1160 3245 1304 3310 divinam
1346 3246 1467 3309 visione

216 3355 338 3422 l'acialii
368 3363 445 3423 ante
478 3359 563 3422 diem
603 3359 720 3424 iudicii.
778 3361 900 3425 Contra
938 3361 1026 3442 quod
1067 3360 1214 3424 Thomas
1248 3360 1395 3437 Walleis,
1428 3360 1467 3424 de

215 3473 328 3536 ordine
353 3473 608 3539 Prcdicatorum.
638 3497 672 3537 se
696 3495 863 3556 exponens
887 3476 1031 3558 periculo
1060 3479 1194 3557 propter
1216 3474 1315 3539 tidem
1355 3475 1469 3540 catho-

217 3590 310 3652 licam
332 3589 460 3671 publice
476 3589 653 3672 predicavit
680 3591 734 3667 ita,
759 3591 846 3672 quod
872 3610 959 3673 papa
983 3595 1117 3673 propter
1140 3590 1203 3655 hoc
1227 3590 1314 3655 misit
1340 3610 1418 3656 eum
1437 3591 1467 3654 in

216 3724 389 3771 carcerem.
415 3709 446 3767 ct
471 3705 589 3767 ibidem
615 3707 699 3768 larue
723 3706 884 3769 cruciatus
904 3711 963 3772 est.
988 3706 1044 3769 sed
1062 3705 1194 3770 taudem
1211 3705 1369 3772 liberatus
1384 3703 1467 3771 est'¹

216 3837 335 3898 magno
360 3839 432 3882 curu
459 3819 629 3897 uoloni).
678 3819 768 3901 Papa
793 3821 894 3884 eciam
920 3840 1008 3884 airino
1030 3821 1181 3885 vicesimo
1198 3819 1362 3886 Lodevvici
1386 3821 1469 3903 rogis

305 4056 319 4084 ἢ
340 4063 374 4095 rin
395 4043 534 4096 estimavit
555 4047 587 4094 tu
610 4047 635 4094 in
657 4043 721 4096 Pad.
743 4046 855 4095 rudini.
949 4041 964 4082 b
984 4061 1018 4096 ax
1038 4041 1068 4097 L.
1087 4042 1152 4096 Ptd.
1235 4052 1249 4083 ⁰
1274 4043 1388 4098 mauu·
1407 4041 1475 4098 Ptr-

215 4131 231 4171 ⁴¹
251 4138 355 4185 morata
375 4132 402 4184 [A.
423 4136 527 4184 mutata
546 4131 606 4185 Par.
645 4146 657 4170 ι·
680 4131 792 4185 fratrem
812 4130 840 4185 L.
857 4131 921 4186 Pad.
941 4131 1003 4185 Par.
1041 4130 1149 4185 sdceat
1168 4130 1235 4187 Pau.
1271 4129 1458 4187 ‹Briukenb

216 4219 321 4273 hltem
341 4219 369 4272 L.
408 4219 415 4260 i
445 4219 561 4274 sociabili
582 4219 611 4274 L.
632 4219 696 4273 Pnd.
735 4219 841 4274 l(tectu
861 4219 979 4284 lumel).

308 4428 325 4491 ¹)
345 4446 367 4482 c.
389 4446 432 4481 un.
453 4427 528 4482 Extr.
551 4428 602 4480 loa.
623 4427 664 4480 tit.
683 4430 722 4480 13.
757 4462 769 4466 -·
794 4426 812 4493 ²)
832 4446 855 4482 c.
869 4430 893 4482 5,
910 4426 986 4480 Extr.
1001 4444 1041 4482 co.
1056 4430 1081 4491 3,
1095 4427 1138 4481 aa.
1153 4428 1178 4482 2.
1200 4460 1232 4468 -
1254 4428 1274 4490 ’)
1292 4444 1315 4484 a
1329 4445 1374 4484 un.
1387 4426 1483 4482 thr,

215 4533 254 4569 co.
275 4517 301 4572 3.
320 4517 363 4569 iil.
381 4519 403 4571 l.
434 4546 463 4554 -
499 4517 516 4573 'l
535 4535 557 4568 c.
583 4522 602 4570 Ι.
624 4515 698 4568 Exti.
716 4516 768 4569 loa.
788 4517 831 4569 tit.
851 4517 867 4568 5
887 4519 963 4568 licere.
983 4512 1105 4586 caps-un.
1126 4515 1202 4571 Extr.
1220 4533 1261 4571 ω.
1280 4516 1307 4582 2,
1325 4517 1368 4572 tit
1385 4516 1410 4570 2.
1430 4541 1478 4555 ν

216 4603 236 4669 ⁸)
259 4611 326 4657 1:524
348 4607 427 4658 ,littra
447 4613 490 4657 2³.
514 4634 541 4640 --
563 4610 582 4668 ⁸¹)
609 4607 696 4671 l'eryt,
719 4608 858 4658 llcrrnaan
881 4607 991 4658 Ii'orner
1009 4623 1045 4658 zu
1064 4610 1135 4658 1333
1152 4606 1180 4659 S.
1199 4608 1261 4659 2⁴8.
