3390 5160
779 321 970 378 -109-

242 477 382 543 Ezecbia
405 498 471 543 non
495 478 646 543 inmerito
679 478 786 543 dicere
810 479 986 560 potuisset:
1024 477 1112 557 ,Dies
1141 475 1356 539 tributorionis
1378 484 1406 538 er
1428 496 1494 539 cor·

242 594 398 677 irmionis
420 599 448 655 et
471 592 656 676 birrsplremie
678 594 744 655 dies
766 594 827 669 trec,
860 595 934 678 puio
972 599 1117 655 rendunt
1143 590 1204 673 fitia·
1239 589 1397 675 usquead
1419 610 1495 673 pur·

241 714 321 779 turn,
359 714 386 769 et
424 730 486 770 uon
517 715 560 770 eat
595 710 693 770 rirtua
729 709 876 791 parienti·
889 719 904 747 ¹¹
920 707 960 790 1);
991 706 1087 769 tronus
1121 706 1276 770 Doudoua
1312 711 1338 765 et
1371 703 1494 785 cotefor-

242 828 317 883 tuns
340 823 371 883 in
395 821 446 883 die
468 821 683 885 tributariorum
696 825 720 903 't
753 829 780 885 ct
813 825 910 884 articus
942 828 1101 905 sperantes
1134 823 1165 882 iu
1195 841 1245 882 ae:
1284 820 1338 901 qui
1372 818 1494 899 populo

241 955 305 999 suo
337 937 457 1001 afflicto
491 938 522 1001 iu
558 938 672 1020 Epipto
706 938 845 1019 providit
883 958 982 1019 super
1014 938 1148 1000 ductore
1181 934 1279 1000 maris
1304 941 1334 999 et
1363 933 1494 999 deserti.

242 1069 330 1132 pape
352 1070 451 1134 super
474 1052 573 1117 maris
597 1058 626 1117 et
652 1052 771 1117 deserti
784 1050 798 1089 ¹’
827 1074 862 1117 se
886 1053 1065 1134 providisse
1098 1051 1287 1115 ductoribus
1319 1050 1496 1114 clementer

241 1166 395 1230 ostendit.
444 1166 527 1231 Nam
553 1167 768 1250 liaymundus
792 1167 832 1231 dc
856 1168 980 1232 Baltzio
1010 1170 1042 1232 ct
1065 1166 1211 1230 Thomas
1234 1164 1275 1229 dc
1298 1168 1412 1229 sancto
1436 1163 1496 1227 Se·

243 1279 356 1343 verino
394 1280 527 1369 milites¹
543 1283 720 1364 supradicti
758 1283 908 1361 gentibus
941 1285 1100 1347 exercitus
1133 1282 1224 1345 ducis
1247 1278 1495 1361 Andagaveusis

243 1395 386 1459 defuncti
410 1396 546 1478 aliisque
569 1397 705 1462 dirersis
729 1397 770 1462 de
793 1398 941 1479 partibus
961 1398 1133 1461 Calrrbrie‘
1157 1403 1188 1462 et
1209 1396 1327 1477 Aputie
1353 1394 1495 1461 collectis

243 1531 302 1575 nec
335 1531 401 1575 non
435 1511 577 1577 Pbeotus
605 1513 727 1577 Citrutii
762 1514 969 1595 supradictus
1002 1533 1075 1577 cum
1110 1513 1219 1576 inuitis
1252 1512 1293 1575 de
1321 1517 1409 1575 terra
1433 1510 1494 1576 La·

243 1626 341 1699 boris.
384 1627 537 1709 precipue
570 1627 733 1709 peditibus
775 1629 958 1695 balistariis,
991 1648 1051 1710 pro
1084 1629 1313 1710 redempcione
1341 1646 1426 1709 pape
1459 1645 1494 1690 sc

243 1761 356 1806 versus
380 1742 548 1807 Luceriam
573 1745 698 1826 potenti
723 1764 823 1808 manu
849 1744 1095 1808 transtulerunt.
1141 1744 1209 1807 Sed
1242 1743 1319 1824 quia
1352 1763 1409 1824 per
1435 1742 1495 1806 iter

241 1854 443 1935 rrrrgustum‘¹
477 1859 667 1922 montibus‘*
702 1859 776 1923 attis
809 1859 953 1940 undique
986 1860 1125 1923 cinctum
1160 1859 1206 1923 eis
1240 1858 1272 1921 in
1296 1857 1392 1921 certis
1416 1857 1495 1921 locis

241 1974 311 2033 erat
351 1972 595 2055 transeundem,
631 1973 738 2037 Karoti
777 1973 888 2037 tideles
920 1973 1161 2053 sagittariorum
1195 1971 1289 2054 copia
1323 1972 1393 2036 loca
1435 1991 1494 2036 an·

242 2088 356 2164 gusta'
396 2091 595 2168 occupantes
628 2088 800 2151 transitum
834 2108 948 2152 eorum
979 2087 1207 2169 prohibebant.
1265 2086 1360 2150 Unde
1397 2087 1495 2151 variis

243 2199 336 2265 innisi
359 2202 500 2266 consiliis
524 2203 657 2267 tandem
682 2204 834 2268 custodes
858 2208 1014 2269 montana
1037 2205 1274 2268 circumeuntes
1307 2221 1388 2266 auro
1422 2222 1493 2266 eor·

244 2321 432 2398 mnrpentes
455 2338 513 2399 per
537 2319 651 2384 silvam
676 2320 843 2400 quandam
869 2320 953 2383 riaun
980 2320 1080 2383 iatam
1105 2323 1288 2391 secuerunt.
1313 2338 1371 2399 per
1393 2337 1492 2399 quam

243 2435 450 2497 transeuntes
472 2438 586 2513 gentes
610 2433 718 2499 Karoli
743 2440 884 2513 angusta
910 2435 980 2498 toca
1014 2439 1211 2515 occupantes
1244 2435 1289 2498 sic
1319 2433 1496 2497 conturba·

244 2551 370 2619 remnt.
398 2547 486 2629 quod
510 2549 598 2611 omni
633 2549 820 2614 resistencia
853 2549 994 2631 seposita
1030 2569 1142 2613 versus
1176 2554 1282 2613 eastra
1315 2547 1494 2612 obsidionis

243 2661 353 2770 supere
389 2663 596 2727 festinabant.
659 2664 751 2727 Unde
789 2665 904 2729 castris
937 2664 1141 2728 conturbatis
1173 2669 1205 2728 et
1228 2663 1380 2726 omnibus
1409 2682 1494 2744 pape

161 2798 218 2843 aa
243 2776 440 2841 adrersariis
463 2777 537 2843 binc
562 2779 639 2841 inde
662 2779 825 2859 dispersis,
859 2784 1002 2843 castrum
1028 2798 1100 2842 eum
1126 2798 1212 2859 papa
1237 2782 1385 2843 tenentes
1408 2777 1495 2841 tarne

243 2890 367 2967 iatiuati
392 2892 543 2957 victualia
567 2913 641 2956 cum
675 2895 774 2958 armis
798 2894 1060 2958 adversariomm
1094 2894 1125 2957 in
1155 2913 1272 2975 campo
1305 2892 1414 2956 relicta
1448 2891 1493 2955 ad

243 3006 348 3086 ipsum
373 3011 515 3071 castrum
542 3008 736 3073 detulerunt,
793 3009 1051 3073 Advenientibus
1084 3009 1180 3088 igitur
1212 3012 1492 3089 propugnatorum

241 3139 327 3202 pape
351 3122 536 3186 victricibus
559 3124 673 3187 castris
700 3124 914 3206 itaymumtus
937 3144 1010 3187 rum
1036 3122 1233 3205 quibusdam
1258 3122 1318 3184 sibi
1344 3120 1493 3185 tideiibus

240 3240 385 3300 castrum
417 3237 563 3301 aseendit
596 3238 693 3303 etad
727 3239 928 3320 presenciam
955 3258 1038 3319 pape
1071 3258 1107 3302 se
1139 3236 1285 3311 contulit,
1319 3235 1493 3300 ordinatis·

240 3369 307 3431 que
331 3351 545 3427 ripilacibus²
573 3354 717 3417 excubiis
745 3354 889 3433 undique
923 3349 1044 3417 noctc¹¹
1074 3357 1232 3434 sequente
1265 3352 1407 3414 exercitu
1439 3372 1493 3415 ra·

241 3471 457 3531 strametante
481 3489 537 3533 seu
562 3470 669 3533 verius
692 3470 953 3535 adversariorum
979 3473 1086 3532 castra
1110 3468 1141 3531 in
1167 3470 1290 3549 earnpis
1311 3474 1493 3550 occupante

240 3601 315 3645 rum
340 3602 425 3664 papa
452 3584 606 3648 rerrransit
631 3585 662 3647 in
686 3584 842 3665 castret).

331 3772 488 3842 “pariendi
511 3772 634 3828 ·Drucki.
719 3773 733 3811 b
753 3791 821 3843 pape
849 3804 852 3809 -
891 3773 990 3826 ‹teserti
1011 3775 1081 3823 deod
1103 3772 1167 3825 rad.
1196 3770 1318 3835 <brucia
1399 3783 1413 3811 ⁰
1435 3771 1493 3828 cd.

240 3866 310 3931 pud.
332 3860 392 3915 Par.
439 3860 454 3901 ⁸¹
474 3867 620 3930 augustum
638 3866 653 3916 ἱ)
673 3862 737 3915 Pau.
784 3876 797 3899 ⁶·
820 3863 919 3915 montis
940 3861 1005 3914 i'ad.
1062 3860 1074 3900 s
1100 3867 1216 3927 augusta
1235 3866 1250 3913 ¹?
1271 3860 1334 3914 Pari.
1390 3862 1492 3927 avigi-

239 3949 343 4004 lflfibm
361 3948 391 4006 Ῑι.
411 3950 475 4006 Ptd.
496 3950 556 4007 Pur.
588 3951 765 4019 vigilantibus
784 3949 906 4017 (Druck).
980 3948 996 3989 ¹¹
1017 3955 1095 4003 necte
1113 3948 1190 4003 Cass.
1218 3970 1261 4000 dm
1289 3951 1382 4002 Rrrrrde
1401 3956 1495 4017 aperitet·

240 4044 270 4091 in
289 4043 368 4093 nocto
386 4041 539 4093 verberam.

333 4196 353 4261 ¹)
373 4196 460 4251 luins
477 4196 520 4253 dt.
539 4196 557 4250 8
579 4223 606 4230 -
631 4196 650 4261 ²)
671 4195 775 4249 Nahum
797 4196 855 4257 l‚'i.
930 4196 949 4253 ³)
975 4197 1031 4245 ii‘ir
1049 4212 1100 4245 urm
1118 4198 1176 4247 dem
1195 4196 1335 4261 suiprmim
1355 4199 1433 4246 satu
1452 4214 1493 4247 rr·

237 4288 372 4351 mentiri,
393 4288 482 4353 iuncte
502 4288 646 4353 liupntund
664 4304 707 4336 orn
731 4287 899 4349 luminu-stup
918 4286 968 4335 rien
990 4292 1014 4335 b'.
1032 4286 1095 4334 Job·
1111 4288 1137 4335 in
1162 4285 1276 4335 Lurrrio
1308 4301 1352 4334 ern.
1393 4284 1491 4335 Frrisrh

239 4381 276 4429 αἰεί
295 4378 339 4427 die
357 4377 518 4443 Zeiternpubr
538 4380 572 4427 im
592 4374 689 4428 Chron.
709 4373 789 4427 Sicut.
809 4378 835 4425 Ν,
848 4380 889 4433 050,
909 4377 960 4423 diu
974 4376 1024 4423 ria-u
1047 4375 1128 4438 itrpat
1147 4392 1189 4423 om
1208 4374 1318 4436 Fri-itui!
1332 4373 1382 4422 rien
1396 4382 1419 4423 ti.
1431 4374 1493 4425 eri

238 4484 289 4517 ron
312 4465 428 4516 Luceria
452 4465 614 4527 cresburircu
644 4465 703 4515 laur
751 4465 807 4515 Der·
837 4465 948 4527 Frritup
976 4480 1033 4512 ναν
1061 4465 1109 4511 der
1130 4466 1152 4515 7.
1171 4462 1240 4517 didi.
1270 4465 1317 4511 irie
1348 4462 1492 4513 tiobdinus

239 4555 340 4619 riehtip
358 4553 471 4619 espirht.
510 4554 582 4605 Nori·
604 4570 758 4619 rrnprnourr
776 4554 820 4603 ao
839 4554 889 4603 dus
907 4550 1003 4603 Chruu.
1024 4549 1105 4603 Sicul.
1124 4552 1248 4601 brrirdtrt
1270 4551 1389 4602 hratridi
1411 4568 1432 4601 r.
1458 4551 1491 4603 N.

237 4644 269 4695 S.
282 4647 326 4694 98.
366 4642 407 4695 Er
424 4642 506 4694 delent
524 4643 569 4693 die
588 4642 758 4707 Betuprrunp
777 4641 818 4692 bb
835 4657 896 4691 zum
917 4644 1023 4705 Aaronem
1042 4657 1101 4690 oua.
