3390 5160
774 349 968 404 -105-

241 507 326 583 potu
345 503 570 568 tribulacionis
602 509 751 586 ternpore
778 506 982 586 probaretur,
1016 506 1057 569 de
1091 507 1200 570 multis
1232 507 1326 587 pauci
1371 509 1403 569 et
1435 525 1495 587 pro

239 617 360 682 maiori
383 623 477 700 parte
500 619 617 694 clerici,
642 619 716 684 belli
741 625 774 683 et
797 639 964 685 armorum
990 621 1158 702 inexperti,
1183 626 1218 684 ut
1243 641 1316 685 cum
1342 620 1495 684 Gedeoue

241 730 427 795 lambentes
450 751 571 813 aquam
597 754 671 798 cunr
696 755 781 815 papa
808 740 1009 799 manserunt.
1057 736 1161 817 Aquis
1194 737 1291 816 igitur
1323 735 1496 800 anterioris

240 846 384 909 cisterno
407 845 493 910 circa
516 853 646 929 portam
671 869 755 930 pene
779 850 955 920 exhaustis.
987 850 1175 931 pulveribus
1210 850 1494 914 bombardorum“

241 964 278 1023 et
301 961 494 1025 vicinalibus
518 963 744 1028 deficientibus
768 970 799 1027 et
823 964 994 1028 obsidione
1017 965 1081 1028 iam
1107 985 1191 1046 pene
1215 966 1381 1030 mensibus
1401 964 1496 1046 quin·

241 1094 309 1156 que
343 1077 546 1151 continuata,
583 1098 669 1160 pape
702 1079 881 1143 adversarii
920 1086 1064 1144 castrum
1104 1081 1223 1145 sorcius
1256 1081 1495 1162 impugnantes,

240 1191 406 1255 exercilus
443 1211 503 1274 pro
541 1193 770 1274 redempcione
808 1214 894 1276 pape
927 1195 1098 1259 adventuri
1137 1195 1348 1258 veliementer
1379 1193 1495 1267 limidi,

242 1307 352 1387 ipsuur
377 1305 547 1371 dominum
573 1307 741 1371 Urbanum
767 1328 887 1391 papam
912 1326 986 1372 cum
1015 1310 1081 1372 suis
1117 1310 1217 1374 exicio
1251 1310 1340 1387 gravi
1373 1309 1496 1390 peritu-

242 1440 317 1485 rum
342 1420 491 1485 stridosis
519 1423 653 1486 vocibus
687 1423 801 1487 minati
835 1425 923 1486 luere
956 1422 1078 1497 dietim,
1112 1424 1205 1505 quasi
1239 1443 1312 1488 eum
1347 1423 1497 1487 Rabsace

241 1534 476 1619 exprobrando
488 1532 503 1571 ¹·
544 1540 576 1600 et
614 1536 874 1618 blasphemando
912 1537 1075 1601 dicerent:
1114 1536 1201 1616 ‚beve
1237 1536 1366 1618 corrsidis
1402 1558 1497 1619 super

240 1649 386 1711 buculam
420 1650 631 1714 nrmrdineam
665 1651 859 1732 consraclmn
891 1653 982 1713 istam
1016 1672 1110 1734 super
1145 1651 1302 1734 bjp‘pmm,
1338 1650 1496 1725 videlicet,

240 1765 420 1830 exercituin
445 1765 523 1829 olim
547 1766 639 1829 (lucis
662 1767 921 1846 Andagavensis
945 1769 995 1828 rai
1018 1769 1046 1827 si
1070 1767 1193 1827 innisus
1218 1765 1332 1846 fueris,
1366 1764 1497 1827 introbit

241 1902 372 1942 murram
396 1886 482 1942 laum
507 1887 534 1941 et
554 1880 731 1963 perforabit
754 1890 831 1942 ecrrn‘
849 1886 881 1951 ¹l,
922 1881 960 1944 El
983 1881 1010 1943 si
1035 1879 1260 1960 responderis:
1297 1879 1345 1955 ,in
1370 1879 1496 1940 ‹Ionrirm

243 1993 312 2060 Dec
335 2001 438 2057 nostro
460 1994 701 2075 corrpdmmru,
734 2015 843 2058 nonne
876 1996 945 2076 ipse
978 1999 1037 2067 esi,
1072 1995 1163 2058 cuius
1196 1994 1329 2058 ecclesie
1368 1993 1495 2057 excelsa

241 2108 428 2183 luminaria,
460 2110 581 2174 scilieet
614 2110 804 2185 cardinales,
846 2110 1033 2173 abstulisti?
1092 2111 1302 2191 Quapropter
1344 2129 1429 2190 papa
1463 2110 1495 2173 in

241 2224 451 2289 oracionibus
474 2223 518 2288 ad
541 2223 645 2287 Deum
670 2244 742 2287 curn
768 2244 825 2305 spe
849 2226 953 2295 llrura.
978 2229 1013 2288 ul
1039 2223 1201 2293 Ezechias.
1235 2223 1386 2287 assiduus
1419 2243 1496 2287 suos

242 2338 363 2402 animis
386 2339 454 2402 tore
477 2343 665 2403 constantes
688 2340 730 2402 de
753 2358 908 2403 succursu
932 2340 1025 2402 celeri
1051 2339 1206 2401 divinitus
1226 2338 1409 2402 ordinando
1430 2357 1495 2401 non

242 2453 429 2517 ditlldentes
453 2474 524 2517 csse
548 2453 667 2517 debere
691 2455 862 2531 ‹illicenter-
885 2454 1078 2527 circumradi,
1111 2453 1277 2534 quendam
1311 2453 1368 2515 bei
1393 2452 1497 2516 lromi·

244 2587 321 2631 nem
347 2567 451 2631 virum
476 2566 661 2645 religiosum
686 2567 855 2631 Nicolaum
869 2580 880 2604 ¹·
913 2568 1045 2631 nomine
1075 2586 1185 2630 secum
1219 2567 1371 2630 continue
1409 2588 1497 2629 com-

244 2685 429 2746 morantem
454 2681 567 2746 intime
590 2683 651 2745 sibi
675 2682 829 2747 dilectum
859 2701 958 2762 super
992 2682 1199 2745 oracionibus
1223 2700 1282 2761 pro
1306 2701 1342 2745 se
1365 2683 1498 2762 suisque

245 2797 421 2862 fundendis
456 2796 499 2861 ad
537 2797 640 2860 Deum
675 2798 791 2861 alleclu
825 2797 956 2878 speciali
981 2794 1193 2878 requirens‘l.
1228 2796 1282 2877 qui
1307 2815 1496 2859 succursum

246 2911 375 2977 fidelem
409 2911 627 2975 adventurum
661 2912 731 2986 sibi,
765 2916 801 2974 ut
836 2912 949 2975 l'saias
983 2911 1164 2983 Ezechiel,
1199 2912 1265 2974 beo
1303 2911 1498 2993 disponente

245 3025 435 3108 spopondit.

356 3140 402 3204 Eo
425 3145 583 3222 ternpore,
617 3161 683 3222 quo
716 3159 802 3222 papa
835 3140 989 3222 predictis
1021 3140 1229 3204 detinebatur
1261 3143 1429 3219 arrgnstiis,
1463 3148 1499 3204 ut

245 3255 368 3319 Christi
400 3253 511 3318 lideles
543 3255 585 3319 ad
619 3254 846 3319 liberarionern
881 3255 999 3319 srmuui
1029 3256 1200 3335 pontilicis.
1238 3257 1264 3318 si
1298 3257 1497 3333 continuaret

245 3388 322 3433 eum
347 3368 388 3431 de
407 3372 516 3432 cetero
539 3369 655 3433 similia
679 3370 821 3450 perterre
846 3370 1064 3435 incommoda.
1090 3369 1292 3439 aubelarent.
1318 3371 1499 3445 rnalipnau·

246 3485 353 3548 tesia
377 3502 542 3547 summurn
567 3484 753 3564 pontificem
778 3485 870 3565 penis
904 3485 1050 3565 pluribus
1083 3484 1167 3547 ultra
1202 3504 1314 3565 penas,
1347 3506 1366 3548 a
1401 3485 1497 3549 iloni·

245 3600 331 3664 iaeio
355 3617 440 3680 papa
465 3601 582 3662 octavo
606 3598 830 3679 promulgatas
855 3600 886 3663 iu
912 3600 1003 3674 iales,
1029 3597 1218 3662 innodaudo
1243 3600 1303 3662 sub
1329 3600 1416 3663 bulla
1441 3600 1687 3663 ‹ie-resarum.

245 3713 368 3779 crevit:
401 3712 500 3794 quod,
540 3713 565 3775 si
600 3714 631 3777 in
664 3714 809 3776 futurum
838 3733 1002 3776 summum
1028 3714 1212 3794 pontiur-em
1238 3713 1418 3777 obsidionis
1442 3719 1498 3777 aut

164 3850 223 3893 aaa
247 3827 470 3911 captivitatis‘
494 3801 599 3891 ruodis
621 3828 774 3910 predictis
796 3833 853 3892 aut
879 3829 1038 3891 similibus
1056 3830 1164 3892 carnari
1184 3829 1366 3903 conticeril.
1384 3850 1499 3894 ‹rrnrres

245 3943 414 4008 christiani
438 3940 601 4006 nominiss
626 3945 826 4025 professione
851 3945 1040 4020 carmentes.
1066 3963 1168 4025 prope
1194 3945 1298 4006 lor-nm
1319 3944 1498 4007 obsidionis

245 4063 305 4124 aut
335 4057 532 4140 captivitatis
565 4059 606 4121 ad
640 4058 778 4122 ‹lecerns
813 4059 917 4123 dictas
950 4059 1204 4139 circumquaque
1238 4062 1404 4122 irrorantes
1437 4059 1498 4121 sub

338 4277 354 4305 Α
373 4264 530 4336 pulveribus
556 4264 761 4318 bombardorum
791 4267 862 4317 iterat
892 4264 957 4317 l'ad.
983 4263 1010 4317 i.
1041 4263 1162 4325 ¹llruckl.
1233 4262 1247 4301 b
1267 4263 1440 4333 exprobando
1470 4263 1497 4317 L.

245 4369 259 4397 ι·
283 4353 433 4410 niocolaurn
453 4353 530 4408 Casa.
593 4352 608 4393 ‘¹
629 4353 771 4422 acquirens
791 4353 851 4406 l'ar.
939 4368 951 4389 ⁸·
974 4354 1120 4421 captivatis
1140 4352 1200 4406 Par.
1282 4350 1294 4391 l'
1311 4354 1417 4404 nomine
1439 4352 1497 4405 l’rrr.

243 4457 261 4499 Ι
282 4443 319 4498 td
338 4442 430 4497 docem
450 4447 497 4495 mit
516 4446 644 4495 auderem
664 4452 704 4493 rol
725 4444 931 4494 ‹turcinu-reim
953 4441 981 4494 ir.

343 4641 572 4707 uramara.
613 4640 870 4699 c>lairiacus
914 4670 917 4674 -
963 4638 1167 4706 cranaos.
1192 4640 1221 4691 rr
1263 4640 1364 4693 mn.
