3390 5160
43 622 94 660 llud
110 616 173 660 Nor.
188 622 207 660 t.

101 729 164 774 Nou.
174 734 206 773 28.

79 2103 151 2153 (Noa.
166 2103 209 2153 ³0.)

103 2322 162 2366 Des.
179 2327 209 2368 19.

753 350 786 358 -
826 318 876 374 158
914 351 945 357 -

259 398 325 453 llee.
346 398 381 454 n.

720 497 804 553 (Pad.
836 498 862 550 h.
892 497 972 549 Part

330 595 450 658 Eodern
485 615 572 658 anno
596 596 732 676 seplirna
759 597 810 659 die
827 597 847 667 ¹)
882 595 1003 657 mensis
1037 595 1231 660 Novembris
1264 598 1349 661 obiit
1386 598 1485 661 lnno-

221 712 350 774 eeneius
380 730 476 791 papa.
520 710 557 773 Et
581 715 654 791 post
679 711 738 773 hoe
765 711 872 774 indie
901 711 986 773 henli
1011 711 1186 774 Clementis
1210 712 1398 776 cardinales
1424 733 1485 776 un·

222 824 618 906 rnero‹{ualuordeein1²)
654 827 684 887 in
710 825 854 888 conclavi
879 845 939 906 pro
972 825 1129 889 electione
1162 826 1281 889 surnrni
1317 826 1484 908 pontifis-is

221 941 443 1020 eongregali³)
478 941 666 1003 iuraverant
700 945 729 1003 el
755 940 1058 1021 compromiserunt,
1093 940 1182 1020 quod
1215 941 1408 1022 quicunque
1443 962 1481 1005 ex

221 1055 266 1116 eis
300 1054 471 1133 eligeretur
505 1055 535 1116 iu
569 1074 732 1117 sunrnrurn
767 1056 965 1135 pontilieern,
1008 1054 1142 1118 deberet
1176 1059 1311 1136 propter
1345 1055 1481 1119 eeclesie

222 1169 374 1231 anioneni
410 1169 649 1232 reformandam
684 1171 818 1251 rrapatui
854 1169 1055 1245 renunciare,
1088 1170 1114 1233 si
1145 1174 1176 1232 et
1201 1169 1338 1251 quando
1362 1168 1480 1233 adrer-

222 1283 326 1346 sarius
346 1283 415 1346 eins
438 1284 584 1346 sirniliter
608 1285 812 1348 renunciaret
836 1285 996 1366 protensis
1020 1284 1080 1347 iuri
1109 1304 1169 1346 suo
1195 1289 1227 1348 et
1253 1285 1391 1365 papatui
1412 1284 1479 1346 sire

221 1397 402 1469 decederet,
432 1398 612 1461 durnrnodo
645 1400 898 1464 antieardinales
933 1399 1051 1463 vellent
1084 1398 1297 1462 effectualiter
1331 1399 1376 1462 sic
1402 1418 1478 1461 eon-

223 1513 331 1576 venire
368 1519 400 1576 et
433 1513 631 1578 concordare
664 1534 737 1578 curn
763 1515 818 1590 eis,
864 1514 952 1596 quod
981 1533 1020 1576 ex
1044 1514 1091 1577 eis
1114 1513 1267 1577 omnihus
1290 1512 1388 1576 simul
1413 1513 1477 1575 eol·

223 1627 315 1690 lectis
339 1633 530 1709 sequeretur
552 1630 707 1693 canoniea
733 1629 845 1692 eleetio
870 1629 982 1691 unicin
1002 1628 1121 1692 sunrnri
1143 1628 1313 1710 pontilicis.
1358 1627 1394 1689 El
1418 1627 1476 1695 ille.

222 1762 319 1822 quern
346 1744 389 1805 sie
415 1743 495 1820 elegi
519 1744 719 1823 contingeret
752 1764 789 1807 ex
825 1744 869 1806 eis
903 1747 979 1806 tane
1014 1744 1045 1806 in
1079 1743 1225 1808 conclavi
1260 1742 1474 1820 congregatis.

221 1857 330 1919 statirn
356 1862 430 1937 post
456 1857 763 1922 inthronizationem
789 1859 857 1921 eins
881 1858 1014 1921 deberet
1040 1857 1121 1920 inira
1154 1862 1219 1921 tres
1249 1876 1380 1919 menses
1405 1856 1474 1917 ruil-

221 1974 289 2035 tere
320 1971 504 2052 solernpues
537 1973 791 2037 ambassiatores
825 1973 865 2034 ad
900 1973 1165 2036 concordandum
1202 1971 1244 2034 de
1272 1971 1344 2033 loeo
1379 1969 1472 2033 habili

224 2089 255 2148 et
279 2086 404 2148 decenti
430 2106 488 2167 pro
522 2088 683 2167 predialis.
738 2088 774 2149 Et
801 2088 874 2150 inde
898 2088 1019 2150 electus
1052 2088 1138 2168 esl⁴l
1172 2107 1210 2150 ex
1244 2087 1290 2149 eis
1323 2085 1472 2148 ‹lornirnrs

223 2199 367 2279 Angelus
401 2201 482 2263 tituli
517 2203 619 2264 saneti
653 2203 750 2266 hlarei
785 2202 943 2282 presbiter
974 2202 1157 2276 cardinalis
1195 2200 1250 2282 qui
1284 2199 1343 2263 luit
1377 2198 1471 2279 patri·

226 2314 325 2377 archa
349 2315 740 2396 (tonstanlinopolitanus
773 2323 804 2380 et
829 2321 1006 2380 coronatus
1029 2316 1112 2379 XlV.
1139 2315 1302 2381 Kalendas
1336 2312 1469 2378 ianuarii

222 2428 396 2508 Gregorius
422 2430 488 2493 Xll.
528 2434 576 2493 est
617 2431 810 2511 appellatus.
867 2431 928 2508 Qui
964 2431 1073 2495 statinr
1108 2430 1223 2494 direxit
1259 2430 1369 2494 literas
1401 2446 1470 2491 suas

223 2544 328 2623 prinio
353 2548 384 2606 et
409 2545 526 2608 deinde
551 2544 734 2626 solernpnes
758 2545 1012 2609 ambassiatores
1026 2544 1049 2626 ⁵)
1083 2545 1125 2608 ad
1150 2544 1282 2607 Petrum
1308 2544 1350 2606 de
1375 2542 1470 2605 huna.

311 2762 326 2790 ¹¹
347 2749 414 2803 uniti
434 2749 462 2802 L.
484 2750 548 2802 Pad.

310 2932 327 2999 ¹)
355 2935 488 2985 l'ielrneln·
506 2952 548 2984 nm
570 2938 593 2984 6.
616 2935 766 2986 horrentur.
799 2963 826 2969 -
860 2932 879 2997 ²)
900 2935 952 2986 Die
971 2935 1075 2986 Nomen
1094 2934 1158 2983 sind
1177 2933 1246 2983 nacla
1266 2933 1325 2984 dem
1346 2951 1393 2984 rua
1416 2934 1471 2984 ra'e-

221 3023 291 3072 lrirh
310 3040 357 3072 eon
381 3024 413 3073 Ν.
435 3023 462 3073 δ’.
483 3026 534 3072 2οϋ
555 3026 580 3072 in
600 3025 656 3073 sein
685 3024 762 3072 ll'rrl·
781 3024 1015 3088 ‹trasgrsnommenen
1035 3016 1173 3086 officiellen
1193 3022 1338 3073 Berirhle:
1357 3020 1472 3087 Angelus

223 3109 359 3162 Ostiensis
378 3108 554 3169 Florentinus
584 3108 718 3162 Hearieus
743 3108 953 3161 Tusculanensis
972 3107 1166 3177 Neapolitanus
1194 3111 1223 3160 et
1242 3108 1378 3162 Antonius
1397 3108 1473 3160 Pene

223 3198 366 3251 strinensis
386 3197 587 3267 Aquilogiensis
610 3197 743 3266 episeopi;
775 3197 895 3264 Angelus
923 3197 965 3250 tit.
985 3200 1096 3250 sanotae
1120 3196 1300 3250 Potentinnsa
1320 3195 1473 3254 Landensis.

224 3286 362 3340 Conradus
381 3287 453 3340 tituli
473 3287 560 3339 saneti
580 3286 750 3354 Chrysogoni
771 3286 930 3348 Melitensis,
951 3284 1073 3352 Angelus
1091 3285 1133 3338 tit.
1149 3284 1238 3338 saneti
1253 3284 1474 3338 hlsrciConstsn

224 3374 464 3444 linopolitanensis‚
498 3375 626 3428 lardarius
646 3375 688 3427 tit.
709 3375 795 3428 sancti
815 3374 925 3427 Martini
946 3375 972 3426 in
992 3373 1127 3427 montibus
1146 3372 1179 3426 ds
1201 3372 1316 3432 Ursinis,
1348 3373 1476 3425 lohannes

224 3465 265 3516 titi
286 3468 395 3516 saactne
415 3463 509 3516 Crucis
528 3465 554 3516 in
572 3462 739 3516 Hierusalem
754 3462 979 3524 Ravennalensis‚
1000 3461 1134 3515 Antonius
1152 3461 1195 3515 tit.
1214 3465 1327 3515 uncus
1347 3460 1477 3514 Praxedis

224 3550 427 3603 Tudertinensis
447 3551 615 3619 presbyteri;
636 3550 794 3619 Ragnaldas
813 3550 900 3603 saneti
919 3550 973 3602 Viti
994 3551 1020 3602 in
1040 3548 1155 3602 hlarello
1174 3548 1207 3601 de
1227 3547 1395 3610 Bnneseih,
1414 3547 1476 3600 Lan

224 3639 338 3708 delphus
357 3641 443 3692 sancti
464 3639 565 3692 Nicolai
595 3640 621 3692 in
649 3656 756 3691 earcere
784 3638 907 3691 Tulliano
928 3638 1064 3697 Berensis,
1093 3636 1158 3690 utto
1186 3636 1274 3690 sancti
1298 3635 1426 3702 Gregorii
1445 3634 1476 3688 sd

226 3728 321 3781 l'elunr
350 3745 459 3781 nureurn
490 3728 522 3780 da
551 3727 688 3788 Columna,
728 3727 824 3779 Petrus
853 3726 939 3779 sancti
975 3726 1071 3793 Angoli
1104 3730 1133 3778 st
1160 3724 1295 3778 lohannes
1323 3729 1476 3778 sanctornm

224 3816 320 3869 Cosms
348 3822 374 3868 et
399 3816 522 3868 Danriani
548 3815 702 3867 leodiensis
727 3814 876 3881 vulgariter
900 3814 1046 3882 nuncupati
1066 3812 1179 3867 diaconi.
1210 3845 1242 3852 —
1277 3814 1296 3876 ³)
1319 3814 1365 3865 Sic
1382 3819 1476 3879 qinom

226 3908 289 3958 Nor.
312 3912 344 3957 ln
373 3910 415 3955 ins
446 3907 581 3954 t'onrlnrr.
693 3907 711 3964 ⁸)
739 3905 823 3969 l'eryl.
848 3904 966 3955 llielrirls
988 3921 1034 3954 ron
1052 3905 1085 3956 N.
1106 3905 1133 3956 S.
1149 3907 1209 3954 209.
1251 3930 1281 3939 -
1321 3900 1342 3963 Κ”)
1364 3904 1408 3955 Du
1428 3909 1477 3952 (ιύ-

224 3994 328 4045 lalana
349 3994 411 4042 iiber
430 3995 480 4042 (lna
495 3994 568 4043 Jnln·
586 3997 651 4043 lllli
671 3994 745 4043 nllzu
761 3995 830 4042 lar:
850 3993 1018 4055 liinrrsyyelsl,
1039 4009 1068 4041 aa
1087 3997 1201 4057 sagdam
1219 3991 1262 4041 iel!
1281 4008 1335 4041 nus
1356 3992 1476 4043 Diarielr

225 4100 272 4132 ror·
295 4083 328 4134 Ν,
345 4082 372 4132 h'.
394 4086 443 4130 :1:17
453 4101 461 4130 .·
491 4079 624 4131 l'raedieti
654 4085 743 4132 autern
772 4080 860 4131 nuncii
881 4079 989 4131 luerunt
1009 4078 1132 4132 dominus
1151 4077 1285 4131 Antonius
1313 4095 1400 4149 nepos
1414 4078 1478 4132 dieti

226 4168 325 4222 Errorii
346 4169 474 4234 lGregors
495 4166 565 4230 ΧΗ).
595 4185 681 4235 quern.
711 4168 818 4220 interim
838 4167 908 4236 quod
933 4167 959 4219 in
988 4166 1082 4219 eadem
1108 4165 1260 4219 ambasiato
1285 4165 1348 4230 luit,
1375 4169 1478 4221 emnil

226 4257 378 4326 episcopum
405 4255 608 4315 Bononiensem,
636 4261 661 4307 et
683 4254 767 4307 bonae
786 4256 930 4307 aremoriae
950 4254 1110 4308 (tuillelmus
1133 4254 1278 4323 spiscopus
1304 4253 1477 4313 Tudertinus.

225 4344 410 4399 thesaurarius
430 4361 495 4395 suns
511 4342 620 4394 nacione
636 4343 812 4404 Norrnannus
833 4348 860 4396 el
879 4342 1012 4410 quondam
1034 4341 1166 4396 Antonius
1184 4340 1219 4394 ds
1237 4341 1341 4405 Bottia.
1362 4343 1390 4398 in
1409 4349 1477 4398 ntro

225 4452 278 4503 quo
297 4434 353 4486 iure
374 4432 466 4484 doctor
486 4430 621 4483 excellens
651 4431 760 4483 nar-ione
790 4431 973 4483 Bononiensis.
1012 4429 1063 4495 Qui
1083 4429 1214 4483 abeuntes
1240 4438 1418 4485 mmet
1444 4431 1476 4486 sd

228 4522 335 4574 Petrurn
355 4528 381 4573 et
403 4538 465 4571 suos
484 4519 642 4575 cardinales.
663 4521 707 4587 qni
728 4526 790 4572 turn·
812 4521 881 4589 apud
902 4520 1094 4573 rnrmasterinrn
1110 4519 1199 4573 sancti
1216 4519 1337 4575 Victoris
1355 4520 1476 4575 Manilio

226 4609 389 4663 residebant.
409 4609 454 4676 qui
474 4626 521 4659 eos
540 4611 680 4672 gratanter
700 4613 857 4676 receperunt
875 4613 903 4660 et
922 4607 1039 4675 henigne
1058 4611 1269 4677 pertractarunt.
1308 4607 1399 4677 atquo
1417 4612 1475 4678 pud

1501 582 1553 625 l'nol.

1498 637 1534 678 2¹¹6
1542 650 1554 677 s
