3390 5160
749 321 939 376 „235-

222 479 383 563 gentibus,
407 477 579 544 salubriter
601 479 735 556 cecavit,
759 478 801 543 ad
825 482 954 561 tempus
977 477 1093 560 prioris
1116 476 1212 541 buius
1235 480 1378 542 mentem
1401 476 1469 558 spei

219 593 359 660 salubris
390 592 526 658 obduxit
558 592 704 674 caligine,
728 611 769 657 ne
803 591 835 656 in
859 592 967 656 lutura
991 591 1216 672 contingencia
1248 590 1319 657 acie
1351 590 1469 656 mentis

219 707 316 774 nimis
339 706 532 784 intenderet,
557 710 589 771 el
612 711 649 770 ut
671 705 734 771 hoc
758 725 851 789 opus.
864 705 1109 771 reformacionis
1132 709 1323 784 assumeret,
1343 704 1470 770 fortitu-

222 821 307 887 dinis
329 821 479 904 spiritum
503 819 563 885 sibi
586 819 763 886 clementer
786 820 962 903 inspiravit.

326 936 477 1019 Namque
501 934 544 1000 ad
567 935 706 1000 electum
732 935 861 1001 rediens
883 935 926 1002 ab
952 955 991 1000 eo
1015 935 1122 1001 locum
1157 935 1255 999 istum
1288 935 1321 998 in
1344 938 1467 1000 statum

219 1050 400 1132 regularem
419 1050 469 1114 sui
488 1049 621 1127 ordinis,
645 1049 816 1132 presertim
836 1049 1026 1115 monasterii
1046 1049 1096 1114 cui
1120 1048 1249 1131 prefuit,
1273 1047 1469 1111 transferen-

219 1165 298 1230 dum
334 1183 408 1230 cum
442 1164 509 1229 suis
543 1163 750 1246 pertinenciis
773 1163 925 1227 omnibus
953 1182 1064 1227 coram
1098 1162 1226 1226 notario
1258 1161 1388 1243 publico
1412 1180 1471 1243 per

220 1279 337 1346 calami
378 1277 590 1343 tradicionem
633 1277 775 1359 capitulo
817 1276 1079 1342 Paderbumensi
1126 1280 1276 1358 presente
1318 1274 1470 1357 suscepit.

219 1392 285 1459 Sed
308 1391 351 1458 ad
375 1391 529 1457 ulteriora
552 1410 617 1455 non
642 1410 795 1472 processo
819 1391 991 1473 prioreque
1016 1390 1187 1455 recedente
1206 1395 1305 1472 atque
1328 1389 1378 1454 sui
1398 1408 1471 1471 pre·

219 1507 361 1572 sensiam
394 1505 488 1589 quasi
521 1525 580 1588 per
612 1525 730 1569 novem
764 1525 892 1570 menses
925 1504 1076 1570 exhibere
1109 1505 1288 1582 differente,
1321 1503 1469 1568 inimicus

219 1619 320 1685 homo
343 1618 418 1685 huic
440 1619 554 1685 semini
579 1619 665 1683 bono
689 1618 960 1701 superseminavit
984 1618 1151 1695 zizaniam,
1172 1619 1217 1683 ita
1237 1621 1273 1683 ut
1291 1638 1365 1683 cum
1381 1617 1471 1699 prior

219 1734 263 1802 ad
277 1732 531 1816 aggrediendum
556 1753 639 1816 opus
661 1735 858 1817 ipsumquet
880 1734 993 1798 litteris
1012 1738 1043 1798 ct
1065 1734 1174 1813 sigillis
1189 1735 1359 1816 oportunis
1373 1734 1470 1799 robo-

220 1847 359 1915 randum
384 1847 617 1927 regrederetur,
648 1848 835 1924 multorum,
864 1848 919 1930 qui
943 1848 1033 1930 prius
1057 1847 1118 1913 hoc
1152 1848 1272 1913 tactum
1305 1847 1469 1913 collauda·

220 1966 345 2040 verant,
369 1962 468 2027 corda
491 1962 625 2026 sentiret
648 1961 796 2026 adversa.
835 1961 918 2026 Nam
943 1962 1122 2043 capitulum
1151 1962 1347 2027 cathedralis
1370 1962 1470 2027 eccle-

220 2079 267 2145 sie
290 2074 360 2145 adb
378 2076 612 2159 acquirendum
637 2077 698 2141 sibi
722 2076 776 2142 illa
808 2077 948 2159 paucula
971 2077 1070 2154 bono,
1099 2097 1164 2160 que
1187 2078 1246 2160 ipsi
1272 2077 1470 2142 monasterio

220 2192 328 2261 adbuc
346 2195 549 2274 supererant,
565 2191 690 2258 sortiter
713 2191 871 2258 anhelans
894 2192 1004 2256 multis
1028 2192 1273 2257 difficultatibus
1296 2193 1470 2257 interiectis

220 2307 358 2388 sigillum
382 2325 476 2371 suum
502 2304 573 2388 ipso
597 2305 700 2372 electo
724 2306 851 2372 fortiter
874 2307 1017 2373 instante
1040 2306 1195 2389 predictis
1227 2308 1341 2372 litteris
1372 2326 1472 2389 super

220 2419 407 2488 huiusmodi
431 2420 648 2486 translacione
672 2421 827 2486 conlectis
855 2421 908 2486 vix
940 2423 1105 2486 consensit
1134 2421 1276 2504 appendi
1289 2433 1313 2486 ⁰.
1359 2421 1471 2487 Abba·

221 2537 301 2602 tissa
324 2536 366 2601 de
389 2535 483 2601 bonis
511 2535 712 2613 monasterii,
750 2555 815 2618 que
839 2537 949 2601 omnia
977 2536 1038 2600 sibi
1072 2536 1131 2601 soli
1164 2556 1230 2601 non
1263 2538 1470 2611 suffecerant,

221 2671 281 2734 pro
304 2649 545 2716 sustentacione
568 2649 617 2714 sui
641 2653 767 2732 partem
800 2651 914 2733 peciit;
956 2651 1111 2717 cononice
1139 2651 1294 2726 similiter,
1322 2651 1471 2733 quamvis

221 2766 328 2832 locum
352 2764 476 2829 dudum
496 2764 747 2846 dereliquerant,
762 2765 934 2847 porciones
958 2784 1034 2829 suas
1058 2765 1276 2847 requirebant.
1311 2765 1472 2831 Sacerdos

221 2875 465 2964 perroclrialisl,
476 2878 625 2961 quamvis
636 2878 678 2944 ab
694 2879 827 2945 ccclesia
842 2878 907 2944 vite
917 2890 931 2919 ⁰
943 2880 1126 2944 necessaria
1140 2879 1262 2946 babere
1279 2900 1344 2944 non
1356 2881 1472 2962 potuit,

221 2994 376 3076 locusque
399 2993 485 3057 dotis
508 2993 577 3058 eius
600 3013 733 3075 prorsus
757 2993 862 3058 extitit
885 2994 972 3058 omni
998 2967 1123 3060 edillcio
1152 2995 1314 3072 viduatus,
1340 2994 1388 3058 ius
1412 2994 1472 3058 sibi

221 3112 410 3191 competens
434 3108 465 3172 in
490 3108 561 3189 ipsa
585 3108 718 3174 ecclesia
741 3108 905 3174 dimittere
929 3110 1101 3188 recusavit,
1135 3110 1195 3173 nisi
1224 3110 1253 3174 ci
1278 3108 1318 3173 de
1342 3129 1473 3190 compe·

222 3224 302 3290 tenti
326 3222 482 3287 benellcio
506 3222 556 3287 rel
580 3223 734 3305 porcione
758 3223 920 3288 bonorum
949 3224 1083 3289 ecclesie
1115 3224 1204 3306 prius
1236 3224 1472 3306 provideretur.

223 3338 339 3403 Villani
371 3338 535 3404 stabulum
568 3336 757 3415 bestiarum,
793 3337 825 3401 in
858 3338 946 3420 quod
978 3339 1042 3402 iarn
1076 3356 1229 3417 magnam
1262 3342 1389 3421 partem
1421 3358 1473 3401 ec·

223 3453 318 3519 clesic
341 3453 544 3532 redegerunt,
577 3452 637 3515 sibi
661 3451 780 3516 auferri
809 3456 1003 3529 metuentes,
1037 3453 1143 3517 verbis
1176 3456 1208 3516 et
1240 3452 1323 3517 dolis
1355 3453 1473 3535 quibus

223 3572 385 3652 poterant,
411 3587 453 3632 ne
487 3566 548 3631 loci
581 3566 672 3631 lieret
695 3566 877 3643 innovacio,
910 3566 1035 3631 fortiter
1066 3566 1263 3631 restiterunt.
1320 3565 1472 3631 Nonnulli

223 3684 369 3750 canonici
394 3686 426 3747 el
449 3681 521 3747 laici
546 3685 578 3746 et
600 3682 771 3763 presertim
797 3681 850 3759 illi,
874 3699 1015 3763 quorum
1040 3699 1112 3745 mos
1135 3684 1206 3746 erat
1229 3681 1329 3745 armis
1353 3684 1385 3745 et
1400 3700 1473 3763 pre-

223 3799 273 3864 dis
297 3797 458 3869 insudare,
483 3799 652 3877 tamquam
677 3796 806 3861 feminei
829 3815 926 3861 sexus
950 3796 1069 3861 ellectu
1093 3795 1189 3859 simul
1214 3795 1337 3859 absorti
1370 3796 1402 3859 in
1426 3796 1473 3861 la-

223 3933 333 3978 vorem
358 3911 589 3977 canonicarum
609 3910 839 3992 predictamm,
858 3911 932 3975 huic
952 3914 1020 3974 tam
1036 3909 1088 3991 pie
1107 3909 1281 3974 intencioui
1299 3929 1364 3973 non
1382 3930 1473 3975 rere·

224 4030 344 4094 bantur
363 4027 538 4091 adversari.
586 4025 700 4090 Clerus
723 4030 755 4090 el
780 4025 932 4091 monaehi
956 4025 1096 4089 civitatis
1119 4043 1158 4090 ac
1181 4024 1286 4107 patrie
1306 4044 1345 4087 ex
1361 4024 1474 4088 liuius·

224 4144 312 4209 modi
328 4142 541 4207 innoracione
556 4144 677 4206 statum
694 4159 789 4204 suum
805 4141 981 4206 notabilem
996 4138 1199 4203 reddendum
1211 4139 1375 4221 suspicati,
1389 4139 1472 4203 lianc.

224 4257 492 4323 retormacionem
517 4256 691 4337 plurimum
723 4254 852 4319 luerunt
880 4254 1037 4325 execrati,
1072 4254 1116 4318 ita
1146 4257 1182 4318 ut
1205 4253 1338 4318 nonnuli
1364 4274 1402 4318 ex
1427 4254 1473 4316 eis

224 4371 330 4437 carnis
345 4371 430 4435 lactu
450 4369 638 4451 turpissima
654 4369 765 4433 multis
781 4372 857 4433 irrite
877 4368 1078 4451 temporibus
1093 4388 1113 4431 a
1129 4367 1291 4432 nonnullis
1307 4368 1471 4433 sceleratis

313 4604 329 4631 Α
349 4609 401 4660 qus
420 4594 490 4641 deest
509 4588 539 4642 T.
577 4587 643 4642 boc
665 4588 694 4642 ll.
732 4586 932 4658 capprehendi
951 4586 980 4641 Τ.
1024 4584 1040 4627 ¹¹
1060 4585 1236 4658 porroclrislis
1254 4584 1283 4638 T.
1336 4596 1350 4625 0
1372 4585 1423 4639 rite
1441 4585 1472 4639 T.
