3390 5160
671 339 846 396 ,59-

135 496 262 565 calceos
285 501 444 563 rostratos
467 498 676 564 abominari⁸
696 519 731 562 se
754 499 927 564 tinxerunt.
974 497 1069 564 Unde
1097 499 1238 583 primum
1271 499 1385 564 viden·

135 614 222 679 tibus
245 634 302 678 eos
326 631 481 694 magnum
507 614 711 680 incusserunt
735 613 914 691 horrorem,
948 615 1004 680 sed
1028 619 1144 697 postea
1180 619 1383 697 compertum

136 728 317 812 sipiares
350 748 389 794 ex
421 730 468 794 eis
491 729 589 794 misse
612 729 753 795 fallaces,
800 730 852 793 An
885 733 996 794 autem
1030 730 1129 812 aliqui
1163 749 1275 795 eorum
1310 750 1386 795 vere

136 843 267 909 tuemnt
289 843 400 926 aliquo
423 844 480 910 tali
504 845 620 909 morbo
643 844 766 910 detenti
778 842 792 880 ¹³
812 864 869 909 seu
887 845 1052 927 spiritibus
1069 845 1233 910 inmundis
1251 845 1386 921 obsessi,

138 959 259 1026 mansit
281 959 449 1026 incertum.

673 1179 771 1262 Cap.
797 1181 853 1244 70.

245 1318 496 1386 Wentzcslaus⁰
528 1320 613 1386 tilius
645 1321 755 1386 Karoli
798 1340 933 1402 regnum
967 1321 1073 1385 tenuit
1096 1320 1190 1383 annis
1228 1318 1340 1398 viginti
1355 1317 1387 1401 ¹).
1417 1331 1507 1374 *¹⁸⁸⁰-

138 1435 197 1502 llic
243 1440 338 1519 patre
384 1440 535 1518 presente
581 1436 777 1518 aquisgrani
820 1437 862 1501 ab
908 1436 1153 1518 archiepiscopo
1203 1433 1388 1498 Coloniensi

137 1553 315 1617 coronatus
347 1554 443 1627 est'l.
499 1550 538 1615 Et
571 1551 690 1615 ibidem
726 1551 918 1616 Wilhelmus
951 1571 1060 1616 comes
1099 1551 1140 1616 de
1182 1549 1293 1614 Monte
1324 1549 1390 1613 dux

141 1666 247 1732 tactus
269 1664 367 1749 esth.

102 1798 111 1811 ·
245 1752 335 1866 [lslis
357 1782 561 1863 temporibus
585 1782 719 1864 quidam
743 1783 892 1859 incubus,
925 1783 1100 1849 nominans
1123 1802 1158 1846 se
1182 1800 1290 1860 regem
1316 1780 1392 1845 Gol-

144 1898 266 1974 demer.
303 1897 471 1964 coniunxit
503 1918 539 1963 se
572 1898 791 1964 familiaritate
824 1899 955 1963 cuidam
983 1898 1063 1972 viro,
1096 1916 1263 1963 amrorum
1297 1915 1393 1960 mun·

141 2012 237 2080 danis
258 2013 386 2079 actibus
409 2032 468 2095 per
490 2014 601 2078 omnia
627 2012 748 2090 dedito,
777 2012 968 2095 Nevelungh
1000 2014 1042 2078 de
1065 2010 1301 2092 Hardenhergh
1334 2031 1392 2092 ap·

142 2128 275 2212 pellata,
298 2129 331 2193 in
355 2128 513 2194 comitatu
537 2128 578 2193 de
598 2128 711 2194 Martia
743 2147 846 2212 prope
878 2130 1000 2194 tlumen
1025 2127 1114 2192 Rure
1148 2124 1204 2191 ind
1234 2125 1393 2191 fortalicio

143 2254 225 2309 seu·
258 2243 501 2309 municiuncula
534 2243 707 2321 habitanti,
741 2248 773 2310 et
805 2244 1002 2326 loquebatur
1034 2261 1143 2308 secum
1169 2245 1298 2307 etcum
1323 2240 1395 2306 aliis

144 2359 352 2435 hominibus:
388 2337 463 2424 lusit
495 2359 680 2424 dulcissime
712 2361 744 2424 in
779 2361 994 2424 instmmento
1027 2357 1174 2424 musicali
1207 2357 1313 2422 cordis
1336 2375 1395 2438 ap·

144 2479 234 2552 tato;
267 2476 344 2541 lusit
376 2476 418 2542 ad
442 2471 608 2553 taxillos‘,
641 2476 796 2560 pecunias
830 2477 988 2559 exposuit,
1012 2477 1123 2540 vinum
1149 2474 1239 2546 bibit.
1263 2477 1295 2539 et
1318 2492 1396 2555 sepe

145 2611 220 2657 cum
243 2611 285 2656 eo
308 2591 341 2656 in
365 2591 448 2656 lecto
471 2611 538 2657 uno
561 2613 621 2674 per
644 2595 774 2657 noctem
799 2591 967 2674 requievit.
1015 2589 1105 2654 blulti
1126 2589 1302 2655 visitabant
1322 2608 1396 2653 eum

147 2710 214 2774 tam
252 2705 313 2771 riri
345 2706 484 2786 religiosi
517 2726 618 2788 quam
651 2706 824 2781 seculares,
858 2706 977 2789 quihus
1000 2724 1157 2787 responsa
1190 2704 1291 2769 dedit.
1333 2702 1397 2768 Sed

147 2821 261 2887 erebro
299 2821 476 2902 religiosos,
509 2821 551 2886 ad
591 2841 649 2886 sur
686 2821 884 2887 condicionis
921 2820 1157 2886 revelacionem
1196 2818 1398 2893 anhelantes,

148 2934 270 3002 scelera
294 2955 408 3001 eorum
441 2936 568 3001 occulta
597 2937 765 3001 recitando
798 2936 952 3001 contudit.
1009 2935 1178 3019 Hospitem
1217 2935 1398 3017 predictum

149 3051 258 3134 sepius
296 3048 338 3114 de
376 3051 580 3116 inimicorum
618 3071 753 3116 suorum
791 3053 934 3117 adventu
967 3050 1154 3134 premonuit
1191 3054 1234 3126 et,
1261 3049 1401 3131 qualiter

150 3183 262 3230 eontm
296 3165 559 3231 machinaciones
592 3167 756 3243 eraderet,
788 3168 848 3231 sihi
878 3167 1012 3233 consilia
1045 3166 1144 3232 dedit.
1200 3164 1316 3230 Munus
1340 3164 1399 3228 sihi

150 3278 323 3345 dumtaxat
345 3280 529 3363 palpandas
552 3283 680 3364 prebuit
704 3283 762 3348 sed
786 3283 886 3347 videri
915 3283 1057 3364 negarit,
1090 3285 1120 3346 et
1157 3284 1250 3345 erant
1283 3297 1402 3343 manus

151 3394 286 3475 graciles
318 3398 351 3459 et
380 3395 506 3472 molles,
530 3401 566 3460 ut
589 3398 615 3460 si
639 3397 712 3478 quis
740 3401 889 3476 tangeret
911 3416 1037 3462 murem
1067 3396 1116 3461 rel
1141 3414 1266 3460 ranam.
1309 3391 1401 3457 Chri·

151 3509 274 3575 stianos
297 3508 395 3574 fldem
420 3510 452 3574 in
475 3510 593 3587 verbis,
629 3512 745 3576 ludeos
773 3512 804 3576 in
829 3512 992 3594 lapidibus
1016 3510 1170 3594 preciosis
1200 3512 1232 3573 et
1255 3526 1403 3589 paganos

153 3622 184 3688 in
216 3623 326 3690 herbis
363 3644 486 3707 ponere
518 3626 667 3690 asseruit.
723 3624 790 3690 Her
814 3628 924 3692 omnia
949 3631 1027 3692 tunc
1050 3647 1070 3692 a
1093 3624 1204 3690 multis
1227 3621 1337 3688 audivi
1371 3624 1403 3687 et

153 3741 226 3821 post
248 3758 354 3803 annos
379 3737 489 3815 ritrinti
513 3759 569 3804 sex
593 3740 636 3804 ab
660 3741 731 3822 ipso
751 3740 941 3822 Nevelungh
956 3741 1083 3825 plenius
1099 3738 1250 3805 intellexi.
1283 3735 1403 3800 Unde*l

154 3849 204 3919 hic
226 3852 343 3918 habuit
370 3859 448 3918 tuuc
471 3874 617 3918 sororem
647 3855 827 3937 pulchram.
866 3857 957 3920 euius
990 3856 1096 3933 maria
1129 3855 1216 3918 hunc
1250 3851 1401 3914 ineuhum

155 3967 300 4034 nonnulli
324 3987 450 4034 moram
476 3988 585 4034 secun]
611 3969 742 4035 trahere
765 3972 1024 4054 suspicabantur.
1072 3968 1167 4033 Unde
1194 3966 1308 4031 solitus
1333 3967 1402 4028 emt

261 4185 277 4215 ⁸
296 4172 464 4228 abhominari
484 4173 546 4228 Par.
619 4174 756 4229 bruerias
774 4173 894 4243 (Druck).
980 4187 993 4212 ⁰
1016 4171 1192 4226 Wentzelaus
1210 4170 1275 4225 Parl.
1297 4167 1404 4223 Wentz·

157 4258 216 4316 lus
232 4260 295 4318 Par.
332 4259 511 4316 Wenaoslaou
529 4261 558 4316 L.
632 4261 769 4317 diiuroin
790 4262 853 4317 Pad.
927 4274 940 4301 ⁰
962 4265 1031 4314 iterat
1051 4259 1115 4314 Pad.
1177 4256 1327 4312 ‘toxiltos
1341 4255 1405 4311 ruo.

159 4359 174 4401 ι
192 4353 262 4405 decu
280 4348 403 4416 (Druck).

161 4476 343 4489 ιι--ι-
353 4476 409 4483 -“·

264 4545 284 4612 ¹)
304 4548 488 4598 two-noo.
509 4571 540 4580 -
561 4541 581 4606 ⁷)
602 4541 687 4595 Sciron
709 4548 778 4596 1376
796 4544 858 4595 Jult
877 4548 900 4594 6.
919 4570 947 4576 -
970 4540 989 4604 ³)
1010 4546 1086 4594 13rrtl.
1118 4541 1167 4592 nse
1186 4539 1314 4591 t'rlnmde
1332 4536 1406 4601 abyr·

162 4637 257 4699 dn&
274 4635 315 4687 bs·
335 4634 492 4696 menstra,
514 4632 780 4686 h'iederrhriniaclrer
804 4629 1015 4682 t'rtnndentueh
1038 4630 1092 4695 111,
1111 4631 1170 4680 tiltt.
