3390 5160
766 311 954 366 -234..

239 464 288 527 bis
313 484 425 528 earum
451 466 557 529 minus
581 465 701 530 creduli
726 467 842 530 archas
871 465 1064 530 rusticorum
1094 465 1261 547 plurimam
1295 465 1415 546 quibus
1437 484 1484 528 ec·

239 579 336 642 elesia
377 580 500 660 repleta
530 580 646 656 suerat,
684 581 863 662 aperiendo
902 580 1053 661 reliquias
1077 581 1156 644 istas
1193 580 1224 644 in
1254 581 1302 644 eis
1336 583 1370 643 et
1392 580 1485 661 ipsius

239 693 371 757 ecclesie
413 694 491 758 locis
536 693 784 776 particularibus
833 695 968 760 sollicite
1010 693 1200 777 querebant.
1263 694 1303 758 Et
1342 693 1420 757 dum
1455 713 1486 757 se

240 808 390 871 viderunt
423 807 541 872 frustra
575 808 735 885 laborare,
776 808 826 873 via
865 828 931 891 qua
965 811 1123 873 venerant
1155 806 1281 872 contusi
1315 807 1485 871 redierunt.

240 920 414 985 Castellani
429 921 451 1003 ¹)
480 941 557 985 vero
590 922 687 985 castri
716 922 780 986 iam
814 923 902 1000 dieti,
932 943 973 986 ne
1010 922 1189 987 thesauron
1223 924 1318 986 tanto
1358 921 1486 984 eeclesia

240 1035 452 1118 parrochialis
476 1056 599 1113 eorum,
625 1037 716 1101 euius
742 1057 777 1102 se
800 1036 995 1101 defensionis
1020 1037 1184 1102 debitores
1216 1056 1288 1101 esse
1321 1040 1486 1109 noverant,

240 1149 455 1226 fraudaretur,
493 1169 603 1215 sacras
627 1150 698 1215 illas
721 1151 873 1232 reliquias
897 1150 1043 1215 custodie
1072 1170 1172 1217 causa
1204 1153 1313 1214 castro
1349 1149 1486 1232 predicto

240 1264 426 1328 intulerunt.
474 1264 537 1327 lllis
560 1265 671 1346 itaque
695 1265 895 1346 temporibus
919 1265 951 1328 in
980 1265 1102 1346 oppido
1126 1264 1246 1330 Swolle
1273 1264 1486 1328 Traiectensis

243 1378 380 1442 diocesis
404 1378 551 1442 canonici
576 1379 739 1458 regulares
763 1379 824 1443 suh
847 1377 1016 1461 disciplina
1040 1379 1090 1444 sni
1112 1379 1235 1443 ordinis
1264 1382 1344 1443 tunc
1367 1378 1487 1442 noviter

240 1492 416 1558 reformata
431 1491 540 1557 stricte
557 1493 729 1567 vivebant;
760 1494 801 1558 de
820 1513 959 1576 quorum
980 1497 1068 1559 statu
1092 1498 1124 1558 et
1143 1493 1210 1558 vita
1233 1492 1382 1575 prefatus
1396 1493 1487 1557 inler-

241 1609 349 1672 matus
362 1605 386 1690 ⁸²)
412 1605 541 1684 electus,
566 1611 599 1670 et
621 1610 658 1671 ut
681 1627 739 1689 per
753 1607 835 1672 tales
850 1607 1018 1673 ecclesiam
1044 1608 1265 1673 Budecensem
1288 1607 1486 1681 reformaret

240 1720 400 1798 inductuS,
418 1720 517 1802 priori
528 1719 552 1803 ³)
568 1721 756 1785 Swollensis
773 1721 961 1787 monasterii
976 1741 1074 1804 super
1097 1721 1284 1786 huiusmodi
1306 1722 1486 1789 reformaci·

241 1855 304 1899 one
341 1854 417 1900 suas
463 1835 579 1900 direxit
616 1837 748 1901 litteras
810 1837 936 1915 Quibus
973 1840 1005 1901 et
1038 1837 1176 1902 aliorum
1209 1836 1281 1902 aliis
1308 1838 1438 1920 scriptis
1460 1842 1487 1902 el

242 1949 334 2014 dictis
357 1951 446 2031 prior
468 1950 603 2015 allectus
626 1972 713 2016 anno
738 1953 866 2016 Domini
895 1953 989 2030 1408,
1022 1955 1199 2034 postquam
1233 1952 1338 2018 electo
1366 1954 1487 2035 prelato

52 2083 104 2124 roa
119 2079 225 2134 aneae.
241 2084 277 2129 se
312 2068 566 2146 presentaverat‚
600 2067 670 2147 ipso
694 2067 747 2131 die
770 2066 996 2131 decollacionis
1027 2066 1131 2132 sancti
1163 2066 1318 2132 Iohannis
1351 2067 1488 2151 baptiste

242 2179 349 2243 locum
373 2180 500 2243 visurus
525 2180 681 2245 Budeken
704 2201 739 2245 se
767 2182 942 2246 transtulit.
990 2181 1176 2264 Videasque
1207 2182 1307 2247 sitnm
1340 2183 1401 2248 loci
1433 2205 1488 2266 pro

242 2293 403 2372 religionis
423 2294 634 2360 observancia
653 2295 732 2358 satis
756 2295 897 2360 habilem
909 2292 935 2372 l,
955 2296 1012 2359 sed
1028 2297 1262 2362 monasterium
1286 2297 1319 2360 in
1339 2296 1487 2362 nichilum

241 2407 409 2473 redactum
435 2408 668 2490 ecclesiamque
691 2410 733 2473 ad
767 2413 947 2474 extremum
982 2411 1151 2475 devenisse
1183 2414 1421 2493 contemptum,
1452 2413 1489 2477 de

241 2523 388 2604 prosectu
412 2523 656 2587 relormacionis
677 2524 760 2588 illius
785 2528 817 2589 et
841 2544 906 2588 non
922 2525 1072 2590 inmerito
1097 2525 1183 2607 cepit
1206 2525 1367 2590 dubitare.
1408 2527 1488 2590 Vidit

242 2656 359 2719 nempe
391 2641 513 2701 statum
538 2638 641 2719 patrie
676 2638 758 2702 illius
783 2638 906 2703 iusticie
929 2639 1094 2718 gressibus
1126 2639 1365 2705 claudicantem
1398 2640 1488 2705 liber·

242 2755 309 2817 tate
343 2770 425 2831 vaga
458 2756 637 2834 raptorum,
671 2753 726 2834 qui
760 2773 819 2817 nee
852 2753 1004 2835 personis
1029 2753 1253 2819 ecclesiasticis
1276 2754 1327 2819 vel
1351 2756 1490 2820 ecelesiis

242 2887 374 2948 parcere
398 2867 513 2945 solent,
538 2867 785 2932 habundantem
818 2872 850 2932 et
880 2870 923 2931 ob
956 2887 1156 2947 giverrarum
1190 2868 1413 2950 frequenciam
1446 2870 1490 2935 in·

242 2982 488 3048 intollerabilem
512 2983 707 3063 agriculture
731 2984 762 3046 in
787 3003 825 3047 eo
850 2983 1022 3047 delectum.
1068 2983 1153 3048 Vidit
1176 2983 1290 3061 eciam,
1313 2985 1404 3067 quod
1428 3006 1489 3051 non

243 3099 303 3161 nisi
328 3098 477 3162 inanimis
501 3098 667 3161 laboribus
691 3101 723 3161 et
747 3097 897 3178 expensis
925 3116 977 3161 res
1001 3097 1084 3162 tanti
1107 3097 1261 3179 ponderis
1284 3103 1417 3180 poterat
1438 3120 1491 3167 ex·

243 3211 356 3293 pediri.
403 3211 442 3274 Et
466 3213 543 3292 quia
567 3212 687 3275 ibidem
712 3211 854 3274 exulavit
877 3211 996 3274 caritas
1020 3215 1051 3275 et
1075 3210 1309 3277 dominabatur
1334 3213 1491 3296 impietas,

244 3327 417 3406 excogitari
452 3326 503 3389 vix
537 3330 675 3406 poterat,
707 3327 793 3390 unde
820 3326 863 3391 ad
888 3326 1126 3407 expediendum
1158 3326 1220 3392 hoc
1242 3333 1398 3410 sumptus
1419 3349 1492 3412 pos·

243 3446 316 3505 sent
339 3441 520 3522 provenire.
566 3442 631 3505 Sed
656 3442 743 3506 aelus
766 3443 883 3504 ‹lornus
908 3442 965 3505 Dei
999 3442 1162 3506 excecavit
1193 3442 1428 3524 prudenciam:
1461 3446 1492 3506 el

244 3556 305 3631 ille,
330 3557 384 3636 qui
410 3577 467 3620 ras
490 3557 664 3632 electionis,
694 3561 729 3619 ut
754 3576 873 3619 nomen
898 3556 967 3619 eius
991 3559 1137 3637 portaret
1168 3574 1280 3620 coram
1305 3557 1437 3636 regibus
1460 3561 1490 3621 et

333 3772 347 3798 *t
369 3760 496 3812 thezauro
514 3759 544 3814 T.
602 3757 616 3795 Ι»
635 3758 732 3810 nbilam
752 3758 781 3811 T.

336 3951 353 4012 Ι)
373 3948 526 4001 'l'ridericus
545 3952 573 3999 et
592 3945 721 3998 Ravenna
740 3945 839 3997 iratres
858 3944 961 3997 strenui
981 3942 1114 3997 domicelli
1143 3942 1176 3996 de
1204 3941 1330 3998 Breaken
1357 3948 1387 3997 et
1411 3945 1493 3999 astri

245 4036 452 4103 Wevelshorglr.
490 4035 638 4088 Chronicon
660 4033 828 4086 Booderense
849 4034 876 4086 S.
897 4039 920 4086 l.
947 4066 974 4072 -
1004 4032 1023 4097 '·')
1051 4034 1136 4099 l'erpl.
1156 4034 1208 4084 dua
1225 4030 1378 4086 chronicon
1398 4031 1493 4087 boote

245 4145 324 4181 conse
343 4131 369 4179 «δ’.
391 4133 407 4175 n·
418 4145 423 4178 ;
446 4124 597 4177 llernardns
616 4123 680 4176 Plus
700 4122 834 4175 vocitatus
854 4123 885 4175 de
907 4121 1009 4174 familia
1028 4119 1167 4174 reverendi
1186 4117 1327 4175 willielmi
1350 4119 1386 4174 tle
1404 4120 1494 4175 tronto

245 4215 323 4268 electi
345 4259 350 4268 .
372 4259 377 4268 .
398 4257 403 4267 .
424 4255 429 4264 .
450 4212 564 4280 qrrrulanr
585 4215 704 4280 tempore
728 4211 760 4263 mi
781 4210 973 4263 monasterium
1002 4208 1097 4261 beatem
1117 4207 1218 4261 Mariae
1246 4224 1355 4278 semper
1381 4208 1496 4278 virginit

245 4304 431 4357 canonicorum
454 4300 617 4366 regularium
637 4301 663 4352 in
683 4301 818 4352 territorio
842 4299 969 4352 nobilium
998 4298 1031 4351 de
1060 4295 1181 4350 Benlhcn
1212 4295 1344 4351 situatum
1371 4313 1494 4366 μω

244 4409 322 4445 sunm
343 4391 406 4443 lecit
409 4428 522 4445 .....
520 4391 536 4440 l
541 4389 556 4440 d
576 4392 800 4457 prenae-moratum
821 4429 825 4440 .
848 4430 852 4440 .
878 4387 991 4439 electum
1021 4389 1064 4437 est
1091 4401 1216 4438 reversas
1242 4387 1279 4447 et,
1307 4384 1441 4456 quidquid
1467 4384 1495 4440 ἰι

244 4479 398 4548 supradicto
418 4478 580 4530 monasterio
600 4477 713 4529 fervoris
731 4476 881 4544 spiritualis
899 4482 927 4527 ol
946 4475 1100 4527 devocionis
1125 4473 1233 4543 insuper
1259 4476 1289 4527 el
1315 4472 1494 4529 humanitus!

244 4569 310 4623 vidit
330 4567 416 4624 cidem
436 4585 496 4623 eum
515 4567 651 4620 hilaritate
672 4565 769 4618 inentis
788 4565 953 4618 manifestat.
1004 4592 1009 4613 ·.
1030 4564 1049 4624 ’Ἰ
1068 4564 1207 4615 milianum
1231 4562 1317 4616 ll'eel.
