3390 5160
773 353 803 362 --
844 323 892 378 111
932 356 965 365 υ

239 478 373 543 civitate
411 498 497 561 pape
549 479 744 544 adversariis
786 481 906 544 tradita
953 499 1038 562 pape
1087 480 1198 544 lideles
1248 483 1393 561 repertos
1435 479 1494 544 ibi·

236 593 315 658 dem
357 593 569 659 decreverant
611 595 739 661 tradere
787 596 894 659 morti.
965 596 1058 661 Unde
1091 596 1254 660 Antonius
1287 597 1379 660 miles
1421 616 1494 678 pre-

237 708 345 774 dictus
369 711 410 775 de
434 710 495 774 boe
520 711 645 792 plenius
670 711 863 775 inlnnnatns
888 713 1013 792 uigilias
1038 713 1141 776 noctis
1165 713 1196 776 in
1228 716 1336 777 castro
1371 713 1494 776 instan-

237 826 307 887 eius
331 824 502 889 ordinavit.
550 826 643 889 Circa
668 827 800 889 terciam
827 826 922 903 icitur
946 828 1050 890 noctis
1083 827 1196 890 boram
1227 846 1330 908 prope
1362 846 1492 891 murum

237 939 378 1003 civitatis
401 941 537 1021 strepitu
571 960 629 1021 per
659 941 768 1016 viriles
792 942 889 1005 castri
914 941 1100 1005 notabililer
1132 946 1286 1023 percepto
1321 941 1492 1006 incudem

237 1059 347 1119 castro
371 1055 519 1136 pulsatur
531 1066 543 1093 ¹·
575 1055 617 1119 ad
642 1075 744 1119 arnm.
793 1056 886 1120 Unde
920 1057 1035 1136 vulgus
1059 1057 1197 1120 eirilalis
1221 1057 1317 1120 liuius
1340 1057 1493 1121 tradicio·

237 1170 289 1233 nis
326 1167 503 1249 irritatumb
532 1171 690 1234 excitatus
702 1183 714 1206 ¹'
752 1171 914 1235 concurrit
952 1172 995 1236 ad
1035 1191 1137 1236 arma.
1200 1171 1301 1236 Nobis
1331 1172 1426 1251 igitur·
1454 1194 1492 1237 ex

236 1287 332 1364 parte
355 1303 440 1365 pape
464 1284 583 1348 ibidem
610 1285 641 1347 in
666 1287 865 1350 monasterio
895 1291 1006 1350 sancte
1036 1287 1158 1366 Sophia
1191 1286 1382 1367 degentibus
1415 1307 1492 1351 con·

236 1399 378 1463 turbatis
403 1398 511 1478 lugere
536 1418 648 1462 versus
668 1404 812 1464 castrum
837 1399 1066 1465 anhelantibus
1092 1401 1144 1477 illi,
1169 1401 1225 1481 qui
1241 1401 1361 1464 deforis
1380 1401 1492 1465 buius·

238 1513 326 1577 modi
367 1512 485 1576 nobisd
520 1515 657 1579 intulere
686 1520 854 1589 terrorem,
894 1514 1041 1578 videlicet
1077 1517 1125 1579 vel
1161 1515 1214 1590 illi,
1249 1536 1332 1597 qeins
1366 1517 1493 1581 venisse

237 1627 417 1704 timuimus,
442 1629 490 1691 vel
516 1629 579 1697 alii.
605 1630 645 1692 de
669 1630 787 1710 quibus
812 1633 927 1710 postea
951 1630 1119 1693 certificati
1139 1650 1204 1693 non
1223 1631 1351 1703 luimus,
1372 1631 1493 1694 tumul·

237 1748 307 1806 tum
331 1743 442 1824 populi
467 1744 682 1825 percipientes
703 1744 842 1808 latenter
852 1757 865 1781 ⁰
888 1745 1048 1808 abierunt.
1096 1745 1133 1807 Et
1158 1747 1233 1826 quin
1259 1746 1384 1809 emulos
1408 1765 1494 1828 pape

235 1857 482 1939 quodannnodo
507 1859 715 1933 irrilavinms,
740 1859 818 1922 dum
844 1860 1079 1940 percipientes‘
1106 1859 1174 1922 eius
1206 1859 1434 1923 liberarionem
1460 1861 1491 1923 in

238 1973 318 2036 turri
342 1973 418 2036 dicti
444 1974 631 2037 monasterii
668 1975 836 2054 campanis
869 1974 1005 2055 pulsatis
1038 1979 1067 2036 el
1104 1975 1317 2038 luminaribus
1348 1975 1493 2039 accensis

236 2087 434 2151 clamoribus
457 2088 687 2165 uratulaeinnis
712 2092 814 2152 lolam
849 2088 1012 2152 civilatem
1047 2089 1294 2160 commovimus.
1328 2108 1387 2151 nee
1421 2093 1491 2152 erat

236 2201 355 2283 aliquis
379 2203 411 2265 in
435 2202 565 2266 civitate
589 2203 638 2266 vel
663 2206 770 2266 castro
795 2203 864 2267 eius
888 2207 945 2265 aul
974 2208 1065 2266 extra
1091 2226 1139 2279 ea,
1173 2203 1228 2284 qui
1262 2203 1355 2266 nubis
1379 2204 1492 2266 simili·

237 2315 299 2378 bus
322 2316 553 2395 aratulacionis
576 2317 684 2392 sienis,
714 2322 812 2397 prout
836 2317 867 2380 in
893 2318 1040 2397 partibus
1065 2317 1124 2380 illis
1149 2319 1248 2380 meris
1272 2322 1331 2387 est,
1355 2336 1491 2399 respon·

236 2430 338 2499 derel.
372 2430 476 2497 nobis.
510 2432 564 2513 qui
599 2432 651 2494 rix
684 2435 826 2511 quatuor
858 2451 998 2505 eramus,
1034 2433 1136 2509 mauis
1169 2431 1348 2495 timendum
1375 2433 1489 2496 luerat.

149 2572 215 2608 aa·
238 2543 301 2607 Per
332 2544 441 2626 plures
476 2545 606 2627 quidem
640 2546 709 2609 dies
743 2518 773 2610 ili
798 2547 878 2609 turri
903 2546 1048 2627 predicta
1077 2564 1194 2626 panem
1221 2549 1253 2608 et
1277 2545 1387 2608 vinnm
1412 2566 1489 2609 cnn·

236 2661 450 2735 sen-avimus,
482 2661 570 2741 quod
600 2661 626 2724 si
660 2661 800 2741 impetus
833 2661 949 2742 aliquis
983 2681 1021 2723 ex
1055 2661 1231 2742 improviso
1266 2661 1490 2725 insurrexisset

236 2775 269 2837 in
294 2793 364 2845 nos,
388 2774 530 2838 subitum
556 2776 734 2857 periculum
759 2775 921 2840 declinare
951 2776 1181 2857 potuissemus.
1240 2776 1395 2838 {lominus
1429 2775 1489 2839 Ur·

238 2889 343 2951 bamus
366 2889 408 2952 de
432 2889 482 2952 nis
505 2909 637 2953 suorum
664 2894 697 2953 et
720 2890 860 2953 civitatis
885 2891 1034 2970 perieulis
1067 2890 1154 2971 apud
1179 2894 1321 2953 castrum
1348 2889 1487 2953 Flumeri

236 3001 363 3083 plenius
388 3003 581 3066 informatus
605 3004 719 3068 lraude
743 3005 890 3067 fraudem
915 3003 1069 3067 deludere
1098 3003 1220 3073 volens,
1254 3024 1288 3067 sc
1322 3004 1488 3067 Beneven-

236 3120 306 3179 tum
340 3117 425 3181 nolle
463 3118 573 3182 venire
610 3118 766 3182 simulans
798 3119 922 3181 civibus
957 3118 1120 3187 indicarit,
1163 3118 1250 3199 qrrod
1288 3118 1486 3181 cardinalem

235 3229 488 3313 Neapolitanum
504 3232 537 3313 ¹),
562 3233 618 3313 qui
642 3238 756 3314 postea
780 3254 867 3315 papa
888 3235 991 3297 laetus
1015 3238 1074 3308 est,
1098 3233 1140 3295 ad
1156 3251 1212 3297 eos
1227 3232 1364 3309 ‹lirin-ee
1382 3233 1486 3297 rellel.

235 3345 275 3409 Et
298 3346 377 3429 quia
401 3346 531 3410 visumr
551 3352 599 3410 est
624 3349 663 3415 ei.
693 3348 780 3429 (ruod
806 3348 968 3412 civitatem
994 3352 1025 3410 et
1059 3352 1200 3412 castrum
1235 3348 1329 3411 aliter
1354 3368 1487 3429 reeupe-

235 3480 308 3525 rare
341 3480 408 3525 nen
440 3467 561 3543 posset,
595 3463 663 3544 ipse
696 3484 769 3526 eum
804 3467 873 3525 luto
898 3463 1039 3525 exercitu
1070 3481 1181 3525 versus
1206 3463 1427 3526 Beneventum
1452 3483 1487 3525 se

233 3575 361 3639 direxit.
409 3578 558 3658 Curiique
581 3577 702 3641 civitati
727 3577 1012 3658 apprepinquavit,
1038 3576 1134 3639 emuli
1159 3578 1228 3639 eius
1253 3574 1387 3639 mentel·
1409 3597 1487 3641 cnn·

234 3690 297 3752 tusi
321 3689 535 3753 exterioribus
565 3691 738 3754 sinmltalis
763 3687 902 3754 iudiciisi
942 3711 1006 3753 non
1042 3690 1185 3754 valenles
1218 3691 1385 3763 obsistere,
1423 3691 1487 3754 alio

232 3823 273 3867 ex
298 3803 368 3866 eius
391 3803 534 3868 adventu
558 3804 670 3867 delore
694 3825 793 3886 (eumn
819 3805 882 3871 illo.
908 3825 1004 3886 quem
1035 3805 1132 3867 eorde
1156 3806 1339 3881 gestabant.
1374 3806 1486 3869 intrin-

232 3938 329 3983 secus
352 3938 388 3981 se
412 3919 486 3997 angi
509 3919 718 3992 simulabant,
743 3920 904 3983 dieentes:
931 3925 963 3982 ul
990 3920 1068 4000 qnid
1092 3919 1244 3983 (laurinus
1268 3925 1379 3983 noster
1400 3940 1486 4002 pam

230 4032 412 4097 acirentum
437 4051 532 4095 suum
557 4034 651 4096 nubis
676 4033 818 4097 indicare
842 4033 1036 4113 ‹lmlignutus
1060 4053 1157 4114 super
1182 4055 1241 4095 nus
1257 4035 1301 4096 sie
1320 4034 1486 4115 innpinnte

323 4256 338 4281 ί·
359 4242 500 4312 pulsantur
520 4242 583 4297 l'ad.
660 4242 797 4311 bigarum
820 4243 847 4297 1,.
921 4257 933 4280 ¹·
956 4244 1103 4296 excitatum
1143 4242 1251 4299 lirin-kt.
1330 4242 1345 4282 ·¹
1366 4248 1436 4295 deest
1457 4243 1485 4296 1¹.

229 4346 244 4369 ⁰·
270 4331 407 4384 laetanter
423 4329 536 4396 (Dmckl
623 4334 631 4369 ¹
661 4332 848 4400 percupientes
877 4330 997 4391 tllruelri.
1062 4343 1077 4375 ι’
1097 4335 1217 4382 :ueinml
1238 4331 1300 4385 l’ad.
1380 4331 1394 4370 ¹¹
1416 4350 1485 4385 meu·

228 4433 288 4474 tem
308 4418 373 4475 Pnd.
455 4417 462 4458 l
483 4418 619 4472 simulatis
638 4419 744 4472 iudiciis
763 4418 885 4483 (Druckl.

327 4614 345 4673 'l
365 4611 462 4665 Petrus
480 4612 513 4665 de
532 4612 702 4673 'lamaci-llic,
722 4620 815 4681 multer
835 4616 916 4680 rapu
938 4616 1053 4677 llenr'sn:
1077 4616 1118 4665 ln·
1137 4626 1147 4663 1
1154 4621 1222 4665 1:5³9
1242 4619 1350 4667 -14041,
