3390 5160
752 309 925 365 ..64-

214 471 437 536 convenerunt
461 472 493 532 ct
516 468 558 532 ibi
584 468 750 547 elegerunt
774 469 806 532 in
831 488 939 550 regem
968 469 1152 551 Rupertum
1186 467 1304 534 ducem
1337 467 1378 533 de
1401 467 1457 532 Ba·

216 586 305 648 varia
345 589 376 648 et
408 584 636 666 Heydelbergh
675 584 779 647 virum
817 583 916 646 armis
946 589 1126 660 strennum,
1161 583 1304 648 consiliis
1331 586 1456 648 acutum

215 706 272 764 ett
302 700 369 763 Deo
396 699 560 762 devotum.

72 818 186 884 crunt>
322 814 488 894 ltupertus
512 814 631 877 electus
656 814 687 876 in
713 832 822 892 regem
847 817 920 895 post
954 812 1145 877 electionem
1176 833 1271 878 suam
1295 813 1329 876 in
1355 831 1458 877 mense

214 928 398 1010 Septembri
433 929 524 992 iuxta
558 928 691 1009 opidum
726 928 958 993 Frankenvord
992 928 1140 992 tentoriis
1177 927 1249 992 linis
1282 928 1315 990 in
1348 947 1458 1008 campo

215 1063 280 1107 una
312 1063 386 1107 cum
419 1041 618 1124 principibus
652 1061 711 1124 per
743 1043 943 1124 septimanas
972 1047 1004 1106 et
1037 1042 1116 1118 dies,
1150 1045 1248 1123 prout
1280 1042 1392 1107 electis
1420 1039 1458 1106 ad

215 1176 350 1236 regnum
375 1157 474 1220 moris
499 1160 557 1232 est,
581 1157 642 1219 sub
667 1157 741 1220 divo
766 1176 893 1221 moram
918 1157 1018 1221 traxit
1042 1162 1074 1222 ct
1093 1162 1210 1238 postea
1226 1156 1316 1222 idem
1331 1156 1459 1238 opidum

43 1291 92 1330 uu
108 1287 195 1331 nans.
216 1273 337 1337 festivis
360 1271 488 1351 gaudiis
512 1271 612 1336 intrat
628 1270 662 1353 ¹).
710 1272 832 1335 Deinde
856 1291 944 1336 anno
968 1271 1097 1335 Domini
1125 1273 1204 1335 ttol
1243 1271 1276 1335 in
1308 1271 1362 1335 die
1391 1270 1459 1352 Epi·

215 1387 334 1469 phanie
368 1386 515 1450 eiusdem
550 1386 716 1466 Rupertns
745 1406 765 1449 a
799 1386 969 1450 Frederico
1002 1385 1247 1467 archiepiscopo
1281 1385 1461 1450 Coloniensi

215 1502 349 1565 Colonia
372 1504 548 1566 coronatus
571 1504 630 1564 est.
678 1500 762 1564 Nam
787 1500 873 1564 cives
897 1501 937 1564 de
961 1500 1196 1583 Aquisgrani0,
1220 1499 1277 1564 ubi
1296 1499 1388 1564 locus
1410 1518 1462 1564 co·

216 1617 400 1681 ronacionis
431 1636 501 1680 esse
534 1616 712 1690 consuevit,
749 1616 791 1678 ab
825 1612 921 1697 ipsod
942 1633 1017 1694 rege
1039 1615 1141 1679 electo
1166 1618 1199 1680 et
1222 1635 1242 1692 a
1265 1615 1464 1697 principibus

216 1731 370 1813 requisiti,
405 1731 510 1814 ipsum
538 1729 677 1795 electum
701 1731 844 1812 recipere
868 1730 1074 1808 recusabant,
1108 1735 1293 1795 asserentes
1325 1731 1373 1794 eis
1404 1730 1463 1794 hoc

216 1867 280 1910 non
307 1846 412 1922 licere,
437 1845 594 1927 quamdiu
614 1845 656 1907 ab
680 1845 870 1908 obediencia
896 1845 980 1925 regis
1006 1846 1201 1910 Wentzeslai
1234 1846 1377 1909 absoluti
1400 1864 1463 1910 non

18 1972 207 2022 irroramur
216 1965 333 2025 essent.
381 1961 588 2041 Quapropter
611 1960 698 2022 cives
722 1959 891 2040 Aquenses
915 1960 957 2024 ab
982 1959 1097 2024 eodem
1127 1979 1214 2024 novo
1237 1981 1314 2042 rege
1337 1962 1370 2023 in
1393 1980 1464 2042 per·

216 2076 305 2138 sonis
336 2079 368 2139 et
400 2075 495 2137 bonis
527 2073 697 2154 dampnati
731 2093 790 2154 per
813 2073 960 2138 civitates
985 2074 1111 2155 imperii
1135 2079 1307 2158 tamquam
1331 2075 1465 2140 rebelles

216 2208 319 2272 nsque
344 2190 375 2253 in
399 2208 533 2270 presens
557 2188 659 2251 multa
683 2188 853 2268 dispendia
877 2190 984 2251 lerunt
997 2188 1031 2271 ²).

324 2304 446 2368 Eodem
479 2322 566 2369 anno
605 2302 762 2367 ilenricus
805 2304 870 2366 dux
903 2303 943 2367 de
976 2303 1242 2384 Lunenborgh0,
1282 2304 1467 2369 Bernartius

217 2422 316 2485 irater
339 2437 417 2482 suus
440 2439 506 2482 una
531 2438 604 2481 cunr
628 2418 749 2481 Ottone
773 2418 1016 2499 archiepiscopo
1040 2419 1208 2483 Bremensi
1231 2419 1333 2484 tratre
1354 2439 1465 2484 corum

218 2554 337 2616 magno
361 2537 557 2613 congregato
582 2533 723 2596 exercitu
748 2537 906 2596 venerunt
935 2537 1051 2597 contra
1083 2534 1367 2617 archiepiscopum
1400 2534 1467 2600 Ma·

218 2650 399 2730 guntinum,
424 2653 456 2712 et
480 2647 655 2711 Henricum
680 2648 833 2711 comitem
856 2647 898 2712 de
923 2644 1170 2728 Watdegghent
1201 2653 1342 2714 mortem
1361 2650 1467 2715 trahis

218 2766 267 2828 sui
292 2763 452 2829 Frederici
477 2762 680 2838 vindicaturi,
713 2767 744 2826 et
778 2763 836 2825 luit
860 2764 906 2826 eis
930 2763 1093 2827 adiutorio
1118 2763 1320 2844 lantgravius
1353 2764 1468 2830 Hassie

219 2885 252 2944 et
288 2880 354 2943 sere
387 2899 500 2943 omnes
533 2879 642 2955 duces,
681 2879 842 2942 comitest
871 2882 904 2942 et
936 2879 1076 2943 barones
1104 2878 1255 2945 Saxonie.
1302 2880 1369 2946 Sed
1393 2882 1467 2964 quia

219 2995 377 3060 exercitus
400 3013 542 3074 magnus
565 2998 646 3068 erat,
674 2993 735 3075 ipsi
767 2998 901 3075 propter
932 2994 1120 3058 victualium
1157 2994 1332 3073 delectum,
1365 2997 1468 3078 prius·

219 3130 318 3193 quarn
348 3111 523 3192 quicquam
554 3109 757 3191 perficerent,
791 3109 991 3187 cogebantur
1023 3109 1066 3174 ad
1098 3112 1210 3192 partes
1242 3129 1321 3175 suas
1354 3110 1467 3175 redire.

219 3227 258 3290 Et
282 3226 400 3290 deinde
424 3226 507 3288 inter
534 3224 814 3305 archiepiscopum
839 3223 1064 3304 Magantinum
1098 3228 1129 3289 et
1157 3223 1336 3289 Henricum
1370 3227 1468 3291 comi·

219 3345 284 3405 tcm
309 3341 349 3405 de
374 3338 574 3418 Waldegghe
599 3359 637 3402 cx
661 3358 726 3403 una
751 3342 783 3401 et
806 3335 1052 3418 lantgraviumh
1081 3339 1197 3406 Hassie
1223 3343 1319 3422 parte
1351 3359 1390 3405 ex
1423 3340 1468 3406 al·

219 3460 289 3521 tera
313 3456 503 3536 gravissime
527 3474 641 3534 guerre
666 3455 853 3520 continuate
878 3459 963 3531 sunt,
998 3455 1042 3519 ita
1067 3453 1155 3536 quod
1180 3458 1297 3520 neutra
1321 3432 1470 3538 parcium

220 3567 402 3653 parcebati
433 3570 574 3634 ecclesiis
598 3574 655 3633 aut
679 3571 826 3651 personis
851 3570 1086 3646 ecclesiasticis
1120 3541 1153 3634 e⁰t
1177 3569 1282 3635 clerici
1306 3571 1469 3636 seculares
1524 3625 1531 3656 ,

220 3691 252 3749 et
276 3684 426 3748 monachi
452 3684 671 3748 indifferenter
703 3685 789 3764 capti
819 3683 1002 3748 carceribus
1026 3689 1059 3748 et
1082 3681 1204 3764 lignisl
1227 3684 1469 3751 detinebantur.

70 3813 206 3868 rrrrsopa
330 3799 451 3862 Eodem
476 3818 562 3861 anno
587 3799 753 3879 Rupertus
777 3818 832 3861 rex
858 3799 889 3862 in
918 3818 1030 3862 mense
1053 3797 1238 3880 Septembri
1271 3819 1346 3864 cum
1379 3818 1471 3864 exer·

218 3916 293 3992 citu,
325 3934 391 3978 non
425 3918 535 3977 tamen
568 3918 604 3976 nt
643 3914 851 3995 expediverat
890 3917 957 3978 tam
994 3913 1079 3991 lorti,
1116 3913 1216 3995 Alpes
1248 3914 1471 3997 pertransiens

220 4030 307 4094 venit
341 4030 372 4093 in
406 4028 532 4093 ltaliam
569 4033 602 4092 et
645 4034 795 4109 receptus
829 4029 946 4093 ibidem
982 4051 1002 4093 a
1036 4027 1177 4104 Venetis
1211 4027 1406 4094 Florentinis
1436 4033 1471 4093 et

310 4269 324 4297 ἢ
346 4256 379 4310 de
398 4255 462 4309 l’ad.
519 4255 624 4307 buren
645 4255 704 4310 Par.
770 4255 976 4325 olquisgrano
996 4254 1117 4321 (Druck).
1173 4254 1334 4328 depini-opo
1348 4254 1469 4326 (Druck).

222 4358 235 4386 θ
257 4344 412 4399 luneborch
440 4344 500 4398 Par.
592 4343 604 4384 f
630 4345 781 4412 wudegge
811 4344 873 4397 Pnd.
904 4344 963 4397 Par.
1054 4347 1212 4398 sszrrer'mnl
1238 4349 1354 4407 (cinnat
1370 4346 1470 4398 duml0

220 4438 352 4493 strichen)
373 4434 437 4487 Pud.
520 4432 536 4474 ¹¹
557 4434 725 4502 langravium
751 4434 816 4487 l'ad.
908 4431 913 4472 i
944 4433 1082 4502 parciobat
1107 4432 1171 4490 rad.
1253 4433 1388 4504 ¹¹linguis
1405 4433 1464 4489 Pur.

313 4632 330 4698 ¹)
354 4633 411 4685 ΟΜ.
432 4636 473 4681 26.
496 4658 524 4666 -
548 4629 567 4690 ²)
589 4631 720 4682 Dcvvtnrhr
739 4630 972 4697 Rrr'rlrutupaaltrn
995 4631 1010 4681 1
1016 4628 1040 4680 Γ
1059 4631 1086 4683 S.
1106 4615 1160 4681 293
1176 4630 1200 4696 s.
