3390 5160
751 341 942 396 „199-

224 515 284 561 seu
307 496 467 576 homagiis
491 497 551 561 sibi
575 496 717 579 prestitis
740 496 800 560 sibi
826 496 903 577 ipsis
936 495 1107 569 relaxatis;
1142 516 1200 560 nee
1234 500 1344 562 lamen
1378 498 1475 573 bona,

222 630 365 692 quorum
389 612 560 677 occasione
583 611 644 675 sibi
669 611 914 693 fidelitatisaut
933 611 1075 690 homagii
1109 612 1293 676 iuramenta
1325 611 1475 692 prestite-

224 730 311 801 runt,
344 725 537 790 dimiserunt
569 745 635 790 non
668 727 832 802 obstante,
865 727 954 809 quod
987 746 1075 791 armo
1110 726 1161 790 vix
1194 730 1360 791 transacto
1390 726 1474 791 idem

222 839 376 904 dominus
399 841 522 905 electus
544 860 603 923 per
626 841 850 905 tlernlrardurn
875 841 1098 923 supradictum
1121 842 1153 905 in
1169 841 1473 923 compaternitatem

222 954 329 1018 tuerat
353 959 476 1019 tractus
500 955 599 1019 lilium
626 955 694 1020 eius
718 955 759 1020 de
774 959 862 1020 sonte
882 976 976 1020 sacro
991 956 1141 1031 locande,
1165 975 1262 1038 quern
1288 955 1391 1020 eciam
1416 956 1475 1020 lro·

221 1068 350 1133 noruvit
374 1069 441 1133 suis
464 1069 609 1134 donariis
634 1071 860 1135 muniticencia
884 1070 1027 1152 qrradam
1053 1070 1220 1150 singulari.
1267 1070 1372 1134 Celeri
1398 1090 1475 1134 rere

222 1182 449 1247 ministeriales
486 1183 618 1248 ecclesie
654 1185 747 1248 novis
791 1184 980 1248 iuramentis
1022 1191 1053 1248 et
1088 1183 1187 1248 literis
1230 1189 1344 1249 contra
1377 1184 1472 1265 ligarn

221 1298 443 1378 supradictam
477 1317 543 1363 una
576 1319 650 1364 cum
683 1300 817 1363 domino
851 1299 952 1364 electo
986 1299 1078 1362 ledus
1112 1299 1234 1369 ineunt.
1268 1299 1386 1380 quibus
1415 1318 1474 1380 pro

222 1416 325 1477 tuncn
355 1411 454 1494 opida
486 1417 595 1477 cetera
620 1413 850 1487 consenciunt;
884 1413 995 1494 sieque
1028 1413 1243 1494 periculosum
1277 1413 1373 1477 nimis
1405 1412 1473 1476 bel·

222 1526 290 1591 lum
315 1527 417 1605 surgit
438 1527 637 1603 intestinum,
662 1547 729 1609 qno
753 1527 908 1592 honestas
931 1533 1113 1603 enecentur,
1150 1527 1251 1591 virtus
1280 1528 1473 1602 intirmatur,

221 1640 406 1723 animarum
437 1642 525 1705 salus
550 1641 692 1721 languet,
727 1642 937 1723 impugnatur
970 1661 1088 1723 corpus
1121 1643 1231 1717 armis,
1264 1642 1371 1705 verbis
1404 1642 1474 1705 irri-

222 1758 311 1820 tatur
351 1755 490 1831 animns,
535 1756 622 1820 tama
664 1756 791 1837 scriptis
824 1756 952 1831 reditur,
996 1756 1144 1820 naturale
1178 1756 1269 1820 ledus
1303 1757 1473 1838 surripitur,

221 1869 350 1949 cognati
375 1869 541 1949 sauguinis
565 1870 703 1950 frigescit
727 1870 886 1945 ebullitio,
918 1870 997 1934 tides
1021 1876 1053 1935 et
1082 1870 1217 1952 pertidia
1246 1869 1475 1937 discernuntur

222 1982 327 2047 lucide
351 1989 383 2048 et
406 1984 574 2048 fraudibus
599 1984 650 2050 ria
674 1985 828 2066 panditur
857 1989 957 2066 utque
984 1985 1067 2048 dolis
1098 1985 1278 2049 manifeste.
1325 1989 1473 2069 (lrunque

221 2096 339 2162 deinde
375 2097 552 2179 capitulum
586 2103 618 2162 et
651 2099 737 2164 cives
761 2098 1048 2162 Paderbnrnenses
1078 2104 1192 2163 contra
1215 2099 1383 2164 dominum
1409 2102 1473 2166 ele

221 2215 308 2274 cturn
334 2217 365 2276 et
390 2213 547 2277 bonorem
572 2213 641 2278 eius
664 2213 917 2295 circumquaque
942 2214 1051 2278 literas
1075 2215 1228 2295 dirigunt,
1258 2215 1392 2297 ipsene
1416 2236 1473 2297 per

221 2326 405 2390 consimiles
439 2327 549 2391 literas
586 2328 646 2392 iltis
688 2329 866 2410 respondit,
900 2329 1032 2393 landem
1067 2330 1136 2411 ipse
1168 2329 1319 2393 dominns
1353 2331 1473 2394 electus

222 2440 341 2507 iudicio
365 2443 462 2521 regio,
487 2442 545 2506 soli
571 2448 655 2507 terre
680 2443 846 2507 ll'estlalie
870 2447 1057 2525 prorogato,
1090 2448 1204 2507 contra
1232 2445 1393 2525 quosdam
1418 2464 1472 2508 ca·

221 2556 356 2621 nonicos
380 2555 576 2633 huiusmodi,
601 2561 636 2620 ut
659 2557 838 2632 dicebatur,
864 2557 969 2621 irnlicii
996 2559 1194 2639 professores
1214 2563 1245 2623 et
1261 2564 1375 2623 eontra
1391 2578 1472 2622 non·

221 2671 329 2736 nullos
352 2671 437 2735 circs
461 2671 585 2734 dndurn
609 2672 782 2747 concitato,
812 2672 986 2736 multorum
1017 2673 1148 2748 discum,
1180 2673 1347 2750 comitum,
1381 2675 1473 2738 uobi-

220 2786 298 2850 lium
319 2790 352 2850 et
376 2786 536 2850 baronum
562 2785 659 2850 tultus
683 2787 813 2860 auxilio,
844 2787 930 2850 mille
955 2787 1164 2851 tricentarum
1200 2787 1385 2851 lancearum
1420 2808 1472 2853 nr·

220 2904 385 2964 matorum
419 2899 603 2964 militarium
637 2920 709 2964 eum
744 2900 853 2965 nrultis
886 2901 1048 2983 peditibus
1072 2901 1198 2979 collegit
1230 2903 1415 2977 exercitum,
1440 2907 1473 2967 et

220 3033 286 3079 una
310 3019 404 3094 parte
427 3015 585 3078 exercitus
609 3016 640 3079 in
669 3015 793 3097 campis
825 3017 965 3080 enitatis
997 3020 1251 3081 castnnnetante
1284 3013 1378 3097 ipseb
1398 3037 1471 3080 crun

219 3128 285 3194 alia
309 3133 402 3210 pade
435 3129 465 3191 iu
500 3128 572 3193 luco
604 3131 690 3194 dicto
724 3130 885 3195 Sclmnelo
918 3131 1158 3213 comparit-ione
1191 3131 1351 3213 solempni
1384 3132 1471 3208 regio

221 3243 373 3307 tribunali
398 3244 510 3319 astitit,
535 3245 697 3309 canonicis
722 3268 760 3310 ac
783 3247 907 3309 civibus
931 3246 1064 3327 pretatis
1098 3245 1171 3309 latis
1205 3245 1311 3308 imlicii
1341 3246 1471 3327 expedi·

219 3357 314 3422 cione
336 3358 532 3423 ceuclusis‘.
581 3359 702 3424 lleinde
726 3380 798 3423 euru
825 3366 893 3424 tuto
917 3360 1059 3424 exercitu
1090 3360 1120 3422 in
1151 3360 1275 3441 ‹errnrpis
1299 3360 1470 3441 opidorum

220 3470 337 3535 Bralde
360 3476 393 3534 et
417 3472 627 3552 Borgentrilre
651 3478 723 3538 sata
746 3473 907 3551 ‹leraslat‚
932 3474 1159 3537 nichilominus
1183 3474 1275 3537 tectis
1296 3473 1468 3537 domorum

219 3585 430 3663 Borgeutrike
454 3586 527 3665 igne
550 3589 712 3653 contectas
737 3588 942 3652 immittendo
966 3588 1101 3663 sargittas
1117 3594 1150 3657 ¹l.
1199 3587 1275 3651 l‘ost
1308 3587 1369 3651 troc
1392 3608 1470 3651 eon·

167 3672 426 3799 p‘krcuienlibus
459 3701 572 3766 amicis
611 3705 778 3786 utriusque
817 3704 918 3785 partis
952 3705 982 3767 in
1016 3704 1114 3785 opido
1149 3703 1273 3777 Lude-'t
1297 3723 1357 3785 pro
1390 3724 1471 3785 pace

309 3885 324 3913 ὓ
345 3875 440 3925 rnrlrcr
458 3878 488 3927 tu
506 3877 711 3926 rlrcrrlrstriclrcn
732 3875 796 3928 Psd.
853 3873 947 3944 bipes
967 3873 1031 3928 t‘ad.
1092 3872 1273 3927 ⁰ccruclusus
1293 3873 1320 3927 L.
1342 3874 1397 3927 l'sd

225 3982 229 3986 .
274 3980 402 3989 -.-..

311 4028 328 4089 ¹)
355 4031 440 4095 l‘cryl.
461 4032 510 4080 den
534 4031 640 4082 Ilerielrt
662 4031 798 4082 Ilistriclss
817 4048 838 4081 r.
861 4032 893 4082 N.
919 4034 945 4081 r'n
966 4032 1016 4081 der·
1040 4028 1104 4082 Vita
1122 4026 1236 4082 loannis
1255 4028 1344 4082 Xthl
1366 4048 1382 4077 u
1402 4038 1469 4084 mit,

219 4122 246 4171 θ’.
266 4125 317 4170 3⁸:
336 4123 364 4170 et
383 4116 489 4170 tandem
511 4116 543 4169 nd
563 4117 741 4169 differentiam
761 4117 873 4170 veniens
897 4135 956 4169 curn
984 4118 1120 4186 preposite
1147 4124 1173 4169 et
1203 4118 1321 4187 capitulo
1350 4116 1469 4169 eiusdem

218 4205 349 4259 ccclesiae
368 4222 470 4258 necnon
490 4205 574 4257 eciam
595 4204 860 4258 l’aderbornensibus
887 4209 967 4274 atque
992 4204 1215 4258 universitatibus
1239 4205 1354 4274 plurimu
1382 4203 1470 4273 opido-

220 4310 278 4347 nun
301 4292 510 4346 adhaerentibus
529 4292 591 4347 illis.
611 4310 679 4362 quas
698 4298 727 4346 ut
746 4294 804 4347 eius
823 4293 915 4346 hostes
935 4293 961 4346 in
981 4293 1058 4348 lionis
1076 4302 1102 4346 et
1123 4294 1202 4347 rebus
1221 4294 1266 4347 diu
1291 4294 1395 4363 publice
1415 4311 1470 4362 per·

218 4381 382 4452 sequebatur
401 4380 480 4434 villas
499 4386 525 4434 et
545 4387 635 4435 curtes
653 4388 820 4450 campestres
838 4381 951 4434 ecclesie
971 4382 1089 4451 predicte
1109 4383 1181 4447 ignis
1204 4382 1326 4436 incendio
1353 4400 1384 4435 sc
1412 4400 1469 4452 spo

219 4470 263 4524 liis
283 4475 311 4523 et
329 4470 431 4540 rapinis
450 4469 571 4522 totaliter
589 4469 755 4522 devastando
775 4487 805 4522 ac
825 4469 971 4523 crudeliter
990 4470 1156 4523 habitatores
1183 4471 1304 4523 civitatis
1330 4471 1469 4540 opulorum

220 4575 321 4612 necnmr
342 4556 465 4610 villarum
483 4556 635 4610 huiusmodi
655 4557 851 4626 pertractando,
872 4558 911 4611 its
928 4558 998 4627 qued
1018 4558 1118 4612 dictam
1139 4558 1280 4611 ecclesism
1301 4558 1327 4612 in
1347 4558 1424 4612 benis
1441 4568 1468 4612 et

219 4644 369 4701 redditibus
388 4660 457 4713 psus
476 4645 619 4700 destruxit.
636 4674 667 4683 -
690 4646 709 4711 ²)
730 4645 830 4714 bituric,
