3390 5160
108 1697 172 1740 ers
296 1670 392 1733 Anno
418 1667 542 1732 Domini
573 1667 656 1730 ruo
679 1666 779 1732 tercia
812 1666 864 1730 die
897 1665 1016 1730 mensis
1041 1666 1113 1730 Maii
1139 1665 1218 1729 obiit
1243 1664 1438 1740 Alexander,
1456 1687 1508 1726 uro
1522 1680 1608 1726 nura

187 1802 293 1865 nuper
326 1783 356 1846 in
391 1801 510 1864 urrpam
544 1800 602 1861 per
634 1781 805 1845 concilium
839 1779 992 1844 Pisanum
1018 1781 1153 1857 eiectus.
1178 1784 1210 1845 et
1234 1781 1388 1845 successit
1412 1780 1441 1845 ei

190 1896 352 1961 iohannes
376 1895 490 1971 ΧΧΙΙΙ,
514 1895 569 1976 qui
594 1896 683 1976 prius
707 1895 811 1959 dictus
843 1895 901 1959 tuit
934 1895 1083 1960 Baltasar
1115 1899 1148 1959 et
1181 1895 1353 1960 cardinatis
1378 1895 1439 1958 Bo·

188 2010 353 2075 nonieusis
377 2009 570 2090 {trunitanus
594 2010 670 2090 qnia
696 2009 876 2074 Bononiam
901 2010 1102 2090 recuperavit
1127 2014 1159 2074 et
1184 2010 1324 2089 reginum
1359 2009 1442 2073 iiiins

190 2125 360 2196 immitet
386 2124 453 2205 ipse
478 2123 536 2187 suit
560 2124 696 2187 nacione
722 2123 957 2205 Neapolitanus
990 2124 1031 2187 de
1063 2124 1172 2204 piatea
1205 2126 1375 2206 thapuaua,
1409 2127 1442 2187 et

190 2239 283 2304 mutti
316 2237 526 2302 scandaiirati
550 2241 625 2301 sunt
650 2238 680 2300 in
701 2237 856 2302 cinctione
876 2237 955 2312 eius,
979 2237 1055 2319 quia
1080 2241 1116 2302 ut
1140 2239 1287 2303 tirannus
1312 2242 1441 2303 rexerat

190 2352 371 2417 Bononiam
397 2355 429 2415 ct
452 2351 533 2416 atias
557 2351 621 2415 vite
645 2353 809 2416 mundane
833 2352 964 2416 deditus
987 2351 1164 2416 dicebatur.

299 2467 361 2530 lste
384 2466 587 2530 continuavit
611 2464 790 2543 historiam,
815 2487 914 2549 uriam
939 2486 999 2545 ego
1024 2467 1080 2531 ieci
1105 2466 1146 2531 de
1171 2468 1253 2532 sesto
1279 2465 1441 2531 visitacio·

191 2581 242 2646 nis
266 2581 362 2646 beate
394 2581 493 2646 Marie
527 2580 666 2660 virginis,
700 2586 732 2646 et
766 2586 941 2645 coronatus
974 2581 1032 2646 suit
1062 2581 1130 2646 vm
1161 2581 1324 2648 Kalendas
1349 2580 1438 2645 lunii.
1465 2594 1564 2639 uaris.

192 2696 231 2760 Et
254 2695 365 2760 statim
399 2699 473 2777 post
505 2695 752 2759 coronacionem
787 2697 856 2760 eius
889 2695 969 2759 obiit
1001 2695 1153 2760 dominus
1186 2695 1352 2777 Rupertus
1386 2705 1577 2759 remmio.)

194 2809 430 2873 Romanorum.

303 3241 424 3306 Fauiem
465 3262 553 3305 anno
593 3262 646 3305 rex
681 3241 814 3305 Potonie
846 3246 878 3304 ct
914 3241 1077 3304 Witoidus
1106 3240 1171 3304 dux
1197 3240 1443 3305 mamercum

198 3357 306 3421 nndtis
340 3357 469 3433 renibus
480 3353 494 3392 ¹¹
514 3361 545 3420 et
580 3356 779 3438 principibus
811 3357 947 3438 paganis
990 3355 1257 3420 immmerabiiem
1291 3355 1446 3419 (iacentes

196 3472 390 3535 excercitum
416 3471 619 3557 intraverunt
643 3470 805 3534 i'rntziam
841 3474 873 3533 et
907 3469 1133 3534 instaurabant
1166 3469 1286 3534 betium
1312 3469 1366 3532 XV
1391 3469 1561 3533 dieruuu.

196 3585 316 3650 mensis
339 3585 411 3648 tulii
435 3590 548 3648 eontra
573 3585 690 3648 milites
713 3585 831 3647 doums
854 3584 1109 3648 'teutonicorum
1135 3588 1166 3648 et
1187 3583 1444 3666 triumphabant,

197 3705 228 3763 et
252 3720 326 3763 cesa
349 3699 541 3763 dicebantur
566 3700 649 3762 ultra
674 3698 852 3780 nonaginta
876 3703 1018 3780 quatuor
1042 3697 1129 3761 mitia
1154 3698 1333 3773 homiuum,
1363 3718 1446 3780 quo·

198 3833 269 3877 rum
294 3833 332 3876 ex
358 3817 450 3896 parte
475 3813 612 3876 miiitum
638 3814 856 3894 predictorum
883 3814 1012 3876 irummt
1036 3813 1120 3876 circa
1145 3833 1201 3876 sex
1226 3813 1313 3876 mitia
1337 3816 1370 3876 et
1393 3834 1446 3875 cc·

199 3927 347 3991 ciderunt
371 3927 412 3991 de
436 3927 590 3991 militibus
614 3927 845 4007 ermesignatis
869 3927 1022 3990 sexcenti.

305 4188 320 4215 ἢ
342 4174 444 4228 Litnnie
463 4180 477 4227 ’θ
533 4172 548 4211 ¹¹
568 4177 697 4239 territant,
717 4176 816 4227 rinmni
835 4175 1047 4226 ‹turonen-renen.
