3352 5166
695 314 871 373 -95-

157 479 212 563 qui
247 499 382 544 manum
415 477 567 560 primusl
596 475 684 540 misit
716 475 748 539 in
790 495 921 557 papam,
964 473 1079 539 eodem
1113 494 1200 538 anno
1243 477 1408 539 aruerunt.

156 595 277 659 Tribus
302 595 412 675 itaque
436 591 551 655 diebus
577 610 663 673 papa
688 591 810 654 solacio
835 595 867 654 et
896 590 1030 654 consitio
1063 589 1239 654 destitutus
1272 593 1409 672 totaque

154 709 226 772 eius
250 709 338 774 curia
363 707 555 790 perturbata
580 706 610 768 in
636 709 743 769 castro
768 725 840 769 cum
866 724 941 784 rege
965 703 1145 785 permansit
1156 700 1171 740 l’
1191 705 1321 769 invitus,
1368 705 1408 768 Et

154 823 289 887 tandem
314 821 541 887 concordatis⁰
563 820 584 902 ¹)
606 821 651 884 eis
675 840 761 902 papa
779 823 812 883 et
831 839 885 882 rex
902 819 1071 901 Neapolim
1098 840 1132 883 se
1157 820 1188 882 in
1214 839 1332 899 magna
1357 838 1410 883 so·
1427 835 1597 887 mamm.)

155 938 346 1019 tempnitate
370 935 609 999 transferebant
623 939 646 1015 ²)
672 939 704 998 et
729 935 758 996 in
784 938 927 998 castrum
946 933 1075 997 Novum
1100 953 1135 996 se
1159 934 1253 998 simul
1278 953 1409 1016 recepe·
1425 948 1558 1000 rasatuov.
1570 953 1610 1000 ιο.)

154 1052 278 1135 runt-l).
327 1046 474 1114 Deinde¹¹
496 1053 570 1131 post
594 1069 716 1130 paucos
740 1049 810 1112 dies
825 1053 846 1130 ¹)
886 1069 973 1130 papa
1006 1048 1048 1111 ad
1082 1048 1315 1130 archiepiscopi
1351 1061 1611 1114 cu·1ee³‹1>oz·1e.t

154 1167 236 1230 riam
261 1187 296 1231 se
320 1165 517 1229 transferens
541 1169 634 1228 actus
657 1163 807 1228 Romane
831 1164 918 1227 curie
942 1167 1116 1226 consuetos
1135 1164 1277 1228 crastino
1292 1168 1408 1229 octavo
1423 1179 1474 1218 ¹³⁸⁴
1491 1175 1551 1218 Jun-
1565 1181 1596 1218 u.

154 1281 352 1362 epiphanie⁰
385 1280 513 1344 Domini
547 1279 685 1343 instituit
720 1278 915 1343 continuari.
971 1278 1172 1343 Procedente
1210 1299 1287 1342 vero
1326 1283 1409 1342 tem·

158 1416 249 1477 pore,
283 1396 359 1459 dum
392 1395 440 1459 sol
475 1394 638 1476 graciores
671 1392 741 1457 dies
774 1393 928 1475 produxit
961 1393 1092 1468 estivos,
1137 1394 1275 1458 Karalus
1317 1394 1411 1476 quasi

152 1517 268 1576 contra
293 1511 408 1575 ducem
435 1510 641 1574 Lodewicum
667 1513 871 1591 pugnaturus
896 1528 969 1572 cum
1004 1509 1147 1573 exercitu
1181 1528 1300 1589 magno
1333 1524 1611 1590 pro-raumara.)

154 1629 258 1690 tectus
282 1630 330 1690 est
344 1626 368 1708 ³)
392 1629 424 1689 et
448 1625 480 1688 in
505 1624 624 1705 Apulia
637 1622 648 1661 f
671 1624 737 1687 lere
761 1643 819 1706 per
842 1628 946 1687 totam
972 1627 1110 1688 estatem
1135 1624 1311 1688 residebat.

263 1740 348 1804 Inter
372 1740 430 1803 bec
455 1759 543 1820 papa
567 1739 749 1802 futurorum
774 1737 930 1819 providus
959 1742 1103 1803 castrum
1127 1737 1295 1820 quoddam
1320 1757 1410 1816 egre·

153 1856 242 1937 giam
268 1854 407 1919 Nuceria
430 1855 480 1919 vel
506 1854 664 1919 Luceriass
709 1854 969 1917 Christianorum
994 1855 1205 1936 appellatum,
1229 1876 1249 1918 a
1273 1854 1410 1936 Neapoli

153 1991 212 2053 per
236 1971 289 2034 24.
302 1965 317 2008 ¹¹
339 1969 476 2033 miliaria
500 1970 636 2046 distans
661 1970 833 2046 frumento,
866 1969 942 2032 vino
966 1974 999 2033 et
1027 1969 1098 2033 aliis
1127 1969 1319 2034 victualibus
1343 1971 1411 2033 sul-

154 2086 300 2149 licienter
332 2079 549 2165 premuniviti
586 2088 618 2146 et
652 2083 683 2146 in
720 2103 832 2147 mense
864 2084 957 2147 lunio
982 2083 1055 2148 illuc
1078 2104 1114 2148 se
1137 2104 1210 2147 eum
1236 2084 1325 2148 curia
1350 2103 1611 2158 suarmaunrum

155 2200 383 2275 transferebat,
417 2199 568 2279 subque
593 2199 715 2278 burgus
739 2201 808 2261 erat
833 2198 885 2261 vix
910 2198 1118 2279 septuaginta
1143 2198 1259 2262 domos
1283 2198 1413 2263 babita-

154 2314 234 2378 biles
257 2313 437 2388 continens,
463 2313 518 2393 qui
543 2332 637 2376 muro
661 2312 744 2375 duas
768 2312 910 2376 habente
935 2313 1047 2377 valvas
1079 2318 1111 2376 et
1135 2318 1264 2396 portam
1290 2334 1411 2397 parvu-

153 2428 218 2492 lam
244 2428 369 2509 absque
393 2427 523 2492 lossatis
547 2424 786 2506 cingebaturl:
821 2432 1023 2509 quapropter
1054 2448 1120 2491 nou
1154 2428 1260 2492 solum
1294 2430 1337 2493 ob
1362 2430 1411 2493 in·

153 2543 422 2608 commoditatem
447 2561 559 2606 verum
594 2542 697 2606 eciam
730 2542 903 2622 penuriam
936 2542 1156 2623 hospiciorum
1191 2544 1329 2607 curiates
1362 2550 1410 2608 te-

154 2657 223 2721 duit
248 2657 368 2721 ibidem
394 2656 523 2721 trabere
547 2656 722 2737 moranti).
771 2655 863 2719 Unde
889 2655 995 2719 locum
1021 2657 1138 2737 ipsum,
1172 2677 1246 2722 cum
1281 2659 1313 2721 in
1339 2660 1409 2723 dio·

154 2772 218 2835 cesi
260 2771 466 2836 Salernitana
499 2775 576 2835 tuuc
615 2771 729 2848 extitit,
779 2770 912 2851 quidam
951 2769 1204 2836 subsannative¹
1247 2772 1409 2837 llliseriam

154 2886 305 2958 Sacrate,
330 2886 418 2967 quod
443 2885 552 2965 lingua
577 2885 700 2964 vulgari
725 2886 823 2949 stulte
847 2884 897 2948 vel
914 2886 1039 2950 tediose
1063 2892 1159 2951 sonat
1178 2887 1327 2964 diocesis,
1351 2909 1411 2971 ap·

154 3001 331 3083 pellebant.
379 3001 468 3082 Papa
504 3001 601 3080 igitur
633 3000 743 3063 sedem
779 2999 997 3081 episcopalem
1031 3005 1254 3065 restauransm
1290 3001 1409 3066 ibidem

153 3120 296 3180 castrum
337 3116 441 3196 ipsum
482 3116 512 3178 in
551 3115 649 3178 literis
688 3115 875 3196 apostolicis
916 3120 1058 3179 castrum
1098 3117 1238 3181 civitatis
1277 3117 1410 3182 Lucerie

242 3364 257 3393 ἢ
277 3354 407 3418 zareimol,
427 3356 485 3404 eine
522 3357 616 3418 eptlter
634 3353 839 3404 rturchetriclren
869 3351 925 3405 Ped
1019 3349 1155 3405 emansit
1178 3351 1208 3407 b.
1290 3363 1304 3392 ⁰
1326 3370 1411 3407 recer-

153 3440 225 3495 datie
244 3440 304 3494 Par.
360 3438 511 3508 ddenique
531 3439 592 3493 Par.
648 3438 809 3508 “epipbani
830 3439 890 3494 Par.
957 3438 1069 3509 spatia
1088 3440 1153 3494 Ped.
1220 3441 1410 3496 concartau.

153 3528 283 3584 hxxtll
313 3529 377 3583 Pad.
451 3526 603 3582 imunivit
627 3528 692 3584 Pad.
768 3527 953 3596 tangebatur
971 3529 1033 3584 Par.
1100 3528 1360 3585 ¹subsanuativum
1380 3530 1409 3585 L.

153 3631 178 3661 m
202 3618 378 3689 apostolicam
398 3619 554 3672 instaurans
574 3616 696 3684 (Druck).

246 3832 264 3898 ¹)
284 3830 382 3885 (Ίποῃ,
402 3830 453 3884 Sic,
473 3833 500 3881 S,
521 3835 555 3881 52
575 3859 608 3867 -
630 3830 649 3895 ²¹)
672 3831 736 3882 naa
755 3831 804 3880 der·
824 3831 906 3896 Ilipa!
926 3838 1005 3881 anter
1016 3833 1119 3896 praem
1137 3832 1357 3883 mordeat-enen
1379 3835 1406 3882 in

154 3923 198 3973 ‹lte
216 3923 295 3972 Sladt
322 3938 443 3988 petopen,
476 3919 607 3970 brrr'clrteu
638 3920 705 3969 (trech
735 3922 779 3969 elic
808 3920 916 3984 dirripen
949 3920 1059 3983 Ouellcn
1093 3923 1139 3971 ruit
1171 3921 1326 3970 Arrannbmr
1348 3922 1409 3972 llicb

153 4011 239 4062 tridua
259 4028 280 4061 a.
298 4010 426 4069 Ntelaee‘m,
446 4010 495 4059 der
513 4012 541 4059 S.
558 4014 591 4058 ον.)
612 4009 733 4059 eratlrlt:
763 4023 832 4074 pape
850 4011 879 4059 et
897 4024 945 4059 rex
965 4024 1067 4061 necnon
1083 4006 1235 4061 cardinales
1248 4010 1277 4060 et
1294 4007 1410 4061 curiales

154 4100 206 4170 ipsi
226 4096 366 4167 Neapolim
387 4114 439 4149 non
458 4095 579 4163 impenso
599 4095 684 4147 eidem
705 4112 774 4163 pape
794 4095 892 4148 honore
917 4094 1006 4164 papali
1027 4100 1139 4164 protunc
1164 4113 1211 4166 per
1239 4096 1314 4149 cives
1342 4095 1409 4149 Nea·

154 4188 292 4257 politanae
311 4189 383 4239 metu
404 4185 468 4238 dicti
495 4184 568 4252 regie
587 4188 768 4253 pervenerunt
786 4188 814 4237 et
834 4185 859 4237 in
880 4184 952 4237 dicto
966 4190 1056 4239 castre
1070 4184 1146 4239 Nero
1165 4203 1213 4239 rex
1232 4186 1346 4239 eundem
1366 4202 1409 4255 pa·

154 4294 216 4347 pam
235 4275 286 4330 eub
305 4274 374 4328 boun
394 4273 517 4327 custodia
536 4273 678 4326 collocavit
698 4277 750 4328 etc.
857 4274 876 4334 ³)
897 4276 953 4327 Iler
975 4276 1135 4339 alrcsrnllault
1164 4277 1210 4327 dra
1239 4277 1350 4343 Ilipatea
1380 4280 1408 4327 in

157 4367 247 4416 (bestat
277 4366 368 4417 Nuaro
406 4381 462 4414 rear·
496 4363 562 4414 nacla
592 4366 641 4413 ‹lrn
671 4363 789 4416 tiiorual.
819 4360 913 4430 Napel.
942 4365 982 4415 tm·
1012 4363 1140 4417 Muratori
1170 4362 1200 4416 R.
1231 4362 1249 4415 l.
1279 4363 1324 4417 SS.
1344 4363 1406 4417 XX!

154 4458 181 4506 N.
205 4457 272 4507 1048
292 4454 363 4504 nictu
381 4470 452 4518 pan:
469 4452 617 4517 {relocillip
664 4452 749 4516 l'rrpl.
770 4453 837 4503 ‹rrcclr
860 4470 912 4503 rm:
935 4454 1008 4504 Note.
1031 4482 1059 4488 -
1083 4451 1103 4516 ⁴)
1128 4451 1225 4504 Cluen.
1245 4451 1298 4505 sic.
1319 4457 1345 4504 N.
1367 4458 1408 4504 52.

157 4571 185 4579 —
209 4539 231 4606 ⁸)
250 4539 348 4593 Chron.
367 4539 420 4593 Sto.
440 4544 467 4592 S.
489 4542 561 4603 521¹.
583 4570 614 4577 -
635 4539 656 4601 ¹²)
683 4541 769 4605 l'eryl.
793 4541 913 4591 Diels-leb
939 4559 960 4592 c.
981 4543 1101 4593 Niebeim
1127 4546 1154 4594 δ’.
1176 4546 1209 4592 ti&
1229 4543 1285 4592 arad
1305 4546 1345 4592 69.
1378 4570 1406 4578 -
