3390 5160
776 312 970 367 -198-

245 471 414 536 arbitrium
454 470 543 535 nulla
576 491 662 552 pena
696 470 864 545 vallatum,
896 487 956 532 uec
990 466 1138 548 partibus
1170 464 1203 528 in
1235 464 1341 527 torma
1379 462 1497 526 arbitrii

246 585 520 650 concordantibus
545 606 651 668 neque
674 586 769 649 simul
795 603 905 648 coram
931 604 966 646 se
990 578 1183 647 constitutis.
1235 580 1276 642 Et
1308 577 1428 643 deinde
1449 577 1496 639 die

248 701 372 776 seriata,
397 721 462 763 non
488 700 685 765 renunciatis
709 700 804 774 seriiS,
829 698 977 781 partibus
1000 706 1093 761 nont
1114 694 1237 760 vocatis
1260 693 1495 776 pronunciarit.

245 816 304 878 Cui
328 815 604 896 pronunciacioni,
630 818 798 896 tamquam
825 814 929 877 sornra
952 806 1104 876 arbitriib
1123 829 1189 874 nun
1221 813 1365 884 servato,
1398 807 1497 871 dorni·

246 950 307 993 nus
332 931 454 994 electus
478 929 560 994 inira
584 931 727 993 triduum
753 928 932 994 literatorie
955 924 1162 1001 contradixit,
1186 928 1220 990 et
1243 944 1287 989 an
1304 925 1496 1005 pronuncia·

246 1045 329 1108 cioni
355 1044 397 1107 illi
422 1048 509 1108 stare
533 1045 574 1108 dc
600 1044 666 1107 iure
691 1045 773 1108 soret
797 1043 970 1123 obligatae,
1004 1039 1273 1105 determinacioni
1305 1039 1495 1103 ministeria·

245 1161 323 1224 lium
357 1159 490 1224 ecclesie
522 1179 581 1224 suc
613 1179 652 1223 ac
686 1159 903 1240 opidanorum
936 1157 1074 1221 diocesis
1106 1176 1165 1221 sue
1193 1155 1301 1238 primo
1325 1159 1360 1219 ct
1383 1155 1495 1219 deinde

245 1276 482 1356 episcoporum,
507 1273 701 1355 principum,
727 1273 895 1350 comitum,
920 1271 1089 1350 nobilium,
1114 1270 1265 1346 rnilitum,
1280 1269 1492 1351 capitulorum

245 1392 277 1453 ct
300 1389 467 1452 civitatum
494 1387 696 1451 vicinorum⁰
719 1408 753 1451 se
777 1387 937 1451 submisit.
983 1386 1049 1451 sed
1073 1385 1158 1450 cives
1188 1389 1222 1449 et
1245 1385 1426 1467 capitulum
1450 1407 1493 1450 rc·

245 1503 405 1567 cusabant
429 1502 461 1565 in
485 1502 546 1566 boc
571 1502 755 1566 consentire
773 1502 805 1583 ¹).
852 1502 1061 1582 Quapropter
1096 1500 1165 1582 ipse
1188 1519 1305 1565 omnes
1328 1501 1416 1565 cives
1438 1501 1494 1565 Pa·

246 1615 486 1680 derburnenses
509 1639 529 1681 a
553 1616 725 1681 duodecim
751 1616 845 1681 annis
878 1619 910 1679 et
934 1635 1034 1697 supra
1059 1614 1101 1679 ad
1125 1618 1249 1680 certum
1275 1613 1383 1679 locum
1408 1618 1493 1678 extra

245 1728 407 1795 civitatem
433 1730 475 1794 ad
500 1731 641 1795 tribunal
675 1729 782 1794 iudicii
815 1729 969 1794 secularis
1001 1729 1114 1793 citavit
1137 1729 1169 1793 in
1202 1748 1370 1811 campum,
1403 1734 1435 1794 et
1456 1749 1493 1793 nc

244 1846 379 1925 possent
411 1843 455 1908 ibi
488 1845 548 1907 sibi
582 1844 646 1908 rim
681 1844 807 1920 inferre,
832 1844 1007 1908 exercitum
1033 1843 1286 1925 quingentarum
1310 1844 1491 1909 lanceamm

245 1959 447 2022 convocavit.
496 1958 560 2022 Sed
586 1959 638 2023 die
662 1957 912 2040 comparieionis
935 1957 1231 2040 appropinquante,
1256 1957 1326 2040 ipse
1350 1959 1404 2023 die
1425 1979 1490 2041 pre·

245 2073 381 2137 cedente
405 2073 486 2137 bora
511 2073 696 2154 vespertina
720 2073 785 2136 iam
819 2075 995 2150 transacta,
1029 2072 1237 2154 quorundam
1270 2073 1406 2138 consilio
1435 2075 1490 2138 cir·

245 2192 447 2264 cumventns,
485 2188 660 2251 exereitum
686 2187 775 2251 illum
800 2188 863 2250 iarn
888 2187 920 2250 in
944 2187 1091 2251 terminis
1114 2187 1183 2252 eius
1207 2190 1488 2254 castrametantem

245 2301 434 2378 licenciavit,
467 2301 705 2383 comparicione
742 2301 893 2377 iudiciali,
927 2321 1027 2383 quam
1061 2301 1234 2384 pretendit,
1276 2303 1488 2384 praemisa

246 2415 285 2478 Et
315 2415 432 2480 deinde
465 2416 610 2480 nonnulli
644 2416 684 2481 de
717 2417 783 2479 suis
807 2416 956 2482 fidelibus
991 2416 1167 2498 capitulum
1202 2420 1236 2481 et
1258 2418 1347 2483 cives
1371 2418 1488 2483 dillrda·

245 2528 402 2602 cionibus,
427 2530 705 2611 captivacionibus
729 2534 762 2595 et
785 2531 894 2612 predis
918 2531 1114 2608 alliciebant,
1139 2551 1178 2597 eo
1200 2550 1269 2604 uon
1288 2504 1542 2616 prohibentegzi,

244 2642 327 2706 Cum
352 2662 429 2706 vero
454 2643 496 2707 ad
521 2645 769 2726 requisicionem
795 2645 926 2728 capituli
950 2650 982 2711 et
1006 2646 1125 2710 civium
1148 2647 1357 2712 invasoribus
1384 2667 1487 2713 eorum

244 2757 393 2822 resistere
430 2759 580 2838 denegat,
620 2760 681 2824 nisi
714 2761 804 2841 prius
836 2781 935 2842 super
969 2760 1230 2843 impetieionibus
1263 2763 1332 2827 suis
1355 2763 1416 2827 sibi
1438 2762 1487 2826 fiat

244 2870 368 2935 iusticie
401 2873 686 2954 complementum,
732 2877 790 2957 ipsi
829 2876 871 2940 ad
908 2876 1134 2942 subiciendum
1170 2896 1206 2942 se
1237 2877 1333 2942 alteri
1365 2878 1489 2942 domino

244 3005 321 3048 suos
346 2993 483 3052 conatus
512 2989 663 3070 dirigunt.
712 2990 805 3054 Unde
839 2990 972 3056 tandem
1005 2991 1193 3074 capitulum,
1228 2991 1344 3057 civitas
1376 2991 1488 3057 Padcr·

245 3099 416 3164 bur-nensis
459 3105 491 3165 et
524 3103 623 3184 opida
658 3105 720 3169 tria
750 3105 959 3186 Wartberglr,
990 3106 1109 3172 Bralde
1145 3109 1178 3171 et
1215 3106 1429 3189 Burgentrike
1462 3109 1488 3171 cl

244 3213 388 3295 quinque
430 3216 470 3279 de
513 3217 777 3283 ministerialibus
821 3239 894 3283 cum
938 3219 1037 3284 nobili
1082 3219 1275 3286 Bembaulo
1313 3220 1357 3286 de
1384 3221 1489 3304 Lippia

46 3340 231 3384 titubabam.
247 3333 360 3393 contra
387 3329 491 3411 ipsum
517 3332 653 3396 electum
679 3334 919 3415 colligacionenr
950 3334 1119 3419 iaciunt2),
1152 3338 1185 3400 ct
1211 3335 1329 3417 singuli
1353 3336 1489 3400 ministe-

243 3441 339 3505 rialcs
372 3464 410 3507 ac
444 3445 652 3510 Bernhardus
686 3468 812 3512 necnon
849 3449 962 3515 civitas
972 3447 986 3488 ‘¹
1011 3447 1216 3533 supradicti‘1
1251 3447 1354 3516 cunr¹
1392 3449 1488 3532 opidis

245 3555 390 3620 eisdem⁰
414 3558 613 3638 fidelitatem,
640 3582 704 3644 qua
729 3563 789 3627 sibi
823 3563 1061 3644 obligabantur,
1094 3565 1272 3645 resipiant,
1305 3566 1488 3632 iuramentis

333 3741 348 3770 ἢ
371 3734 440 3783 dcccl
460 3733 581 3798 (Druck).
638 3731 652 3771 ¹¹
673 3738 721 3786 der
741 3741 806 3788 Sol:
831 3755 878 3788 ron
898 3736 1062 3790 renunciatis
1081 3756 1117 3789 on
1136 3737 1292 3791 wiedcrltott
1309 3736 1372 3794 Par.
1422 3736 1488 3790 cvl

243 3807 362 3862 cinerum
382 3810 504 3878 (Druck).
560 3813 574 3853 ¹¹
596 3814 695 3869 civitas
713 3832 774 3868 cum
793 3814 957 3885 supradictis
976 3815 1096 3882 (Druck).
1151 3827 1165 3857 θ
1186 3814 1275 3870 eidem
1293 3815 1415 3882 (Druck).

336 3948 353 4012 ¹)
375 3951 424 4001 11ιίι
442 3952 555 4003 b'cltutc'u
575 3971 600 4004 u.
621 3973 644 4004 u.
668 3959 696 4005 0.
719 3956 752 4006 II
768 3957 794 4006 S.
816 3959 865 4007 511
885 3957 906 4020 s
929 3959 962 4007 let
986 3959 1028 4006 cin
1056 3957 1279 4008 storumwrt'ttm
1307 3957 1355 4008 dee
1385 3957 1486 4010 Helm

250 4038 371 4087 ll'illrclrn
392 4055 428 4089 nn
449 4041 497 4090 dun
521 4043 600 4106 rapu
619 4043 729 4093 Julurnn
751 4044 857 4095 XXIII
874 4044 1044 4110 ulrycdrwtt,
1073 4046 1102 4095 in
1120 4043 1242 4096 eutichem
1270 4045 1316 4097 dte
1343 4046 1423 4111 mise
1446 4046 1487 4097 dea

242 4125 353 4189 lupum
370 4143 448 4191 peperi
470 4129 512 4177 dir
533 4130 728 4195 llrlrpcraclmst
757 4133 906 4196 ‹inuri-usca
935 4133 1033 4184 rectude.
1072 4132 1272 4200 Insoiqtdmeu
1303 4136 1406 4187 eurem
1425 4134 1485 4187 Con

242 4214 321 4262 ilina!
343 4215 507 4265 l'mmeuuu
529 4219 562 4266 im
587 4219 719 4282 ,luflrupc
738 4221 783 4269 dra
804 4220 913 4285 Ilrpalcu
932 4221 976 4271 dic
995 4219 1182 4273 I'udcrborner
1206 4237 1260 4273 zur
1291 4221 1486 4287 [immun

242 4320 277 4351 uu
299 4303 342 4351 dic
366 4305 446 4352 t'uric
469 4308 536 4356 1113
556 4307 614 4357 ,lini
636 4312 674 4358 12,
698 4336 704 4341 -
723 4337 726 4341 ·
750 4306 769 4368 ’”’)
794 4309 921 4359 i'rd‘undc
940 4309 979 4359 bei
1000 4308 1124 4361 Dietriclt
1142 4326 1191 4361 ron
1211 4309 1391 4377 Emetitur,
1413 4308 1485 4364 ΗΜ

241 4386 438 4441 dissencionuur
459 4396 485 4442 S.
507 4397 547 4445 71.
584 4395 669 4460 l'crpl.
698 4397 733 4446 ll'.
757 4396 872 4460 Richter,
899 4397 991 4448 (leuch.
1020 4398 1069 4448 der
1095 4397 1175 4449 stade
1202 4397 1357 4452 Merbm
1384 4402 1483 4461 (18³9),

241 4479 268 4527 S.
290 4482 323 4525 aa
344 4478 415 4529 nebat
438 4480 515 4530 „iuria
537 4487 560 4532 ἴ».
600 4484 788 4548 Iloryculrrirh
809 4486 855 4534 hut
870 4487 920 4536 den
942 4483 1023 4536 Bumt
1042 4485 1114 4537 uicit!
1134 4488 1181 4537 mu
1199 4485 1352 4555 bma'tndd,
1374 4488 1482 4541 mim

242 4568 275 4614 iat
301 4566 354 4615 ihm
375 4575 428 4618 crat
448 4585 489 4618 our
513 4575 551 4621 105¹.
575 4573 658 4636 April
680 4576 748 4623 1113
767 4572 929 4639 bciyclrctcn.
972 4575 1034 4626 r're.
1056 4576 1091 4626 im
1111 4573 1481 4635 Sioutwrcfiivnfflnder,

243 4653 336 4705 Foru.
358 4655 422 4707 Itur.
444 4659 519 4708 1191.
