3390 5160
749 345 921 400 ...33...

208 503 312 557 nterii
332 503 522 556 monialium
544 503 574 555 in
595 501 691 556 Elten
711 501 969 568 contingebant.
1000 519 1095 571 quam
1129 502 1159 554 in
1188 501 1315 555 diocesi
1347 502 1461 557 l'sder·

209 599 368 652 burnensi
387 615 423 652 so
443 598 528 652 locis
548 597 626 651 aliis
645 597 838 651 existendis
866 595 930 665 ipsi
956 599 1157 652 inonssterio
1177 597 1369 652 liberaliter
1387 616 1463 652 oon·

210 694 352 749 lorebst.
400 693 439 748 Et
477 695 611 748 fueruat
642 698 817 764 presentes
844 693 1118 764 archiepiscopus
1151 694 1462 763 Magdeburgensis.

210 795 347 845 semotus
379 789 594 845 Godebsrdus
623 789 909 844 Hildensemensis
940 792 1117 860 episcopus
1150 809 1185 844 ac
1214 791 1398 846 blindensis
1430 802 1461 846 et

213 886 491 942 Moassteriensis
518 887 675 958 episcopi.
714 889 803 941 Anno
836 886 955 941 dehine
983 887 1126 942 secundo
1150 887 1184 940 V.
1216 887 1332 942 Nonssss
1370 888 1464 943 Marcii
1480 873 1591 971 affl

209 992 361 1063 piissime
382 992 540 1063 imperatrix
557 993 719 1060 Konigunds
738 992 819 1046 obiit
834 995 859 1057 ¹).
883 1005 947 1066 qne
971 985 1138 1050 ecclesiam
1160 985 1462 1052 paderburnensem

208 1099 297 1182 apud
332 1098 507 1164 Henrioum
541 1099 771 1182 imperatorem
797 1100 951 1162 rrnmilum
986 1119 1080 1162 snum
1114 1099 1235 1163 sedulis
1258 1101 1409 1184 precibus
1432 1105 1464 1165 el

208 1213 496 1279 exlrorlacionibus
520 1215 659 1279 rrrultum
685 1213 848 1295 promovit
872 1219 902 1277 et
938 1213 1007 1296 ipsa
1031 1214 1113 1277 sient
1147 1214 1305 1279 ilenricus
1338 1214 1464 1279 clarens

207 1334 283 1412 post
306 1329 470 1394 miraculis
493 1330 686 1393 canonizata
711 1334 759 1393 est
764 1376 1461 1393 ..........

317 1559 408 1612 Anno
437 1556 565 1611 Domini
601 1557 677 1610 1086
711 1556 935 1626 Meynwerens
968 1557 1144 1627 episeopus
1179 1556 1663 1619 l’sderbnroensisexornem,

205 1654 385 1709 ecclesium
404 1653 565 1723 quandam
585 1654 615 1706 in
635 1653 789 1706 honorem
808 1658 997 1706 sanctorum
1029 1654 1119 1707 l'etri
1147 1659 1180 1706 et
1208 1653 1337 1707 Andros
1365 1659 1463 1707 extro

206 1768 319 1805 muros
337 1751 493 1805 civitatis
513 1750 799 1804 paderburnensis
820 1767 937 1804 versus
956 1750 1113 1803 orientem
1134 1751 1303 1804 duodecim
1332 1752 1462 1804 canoni·
1492 1766 1543 1805 ross

205 1850 257 1903 cis
289 1847 409 1901 ibidem
439 1848 613 1901 institutis
641 1847 812 1900 dedicavit
832 1846 895 1899 l'lll
917 1846 975 1899 Kal.
997 1847 1064 1900 lunii
1090 1852 1165 1900 tunc
1186 1848 1270 1901 ieris
1289 1849 1396 1902 tercio
1414 1866 1575 1909 oro-unus,

205 1947 389 2015 gerionem,
409 1945 624 2015 presentibus
642 1945 836 2012 Magantino
864 1950 897 1996 et
916 1943 1107 1997 Coloniensi
1137 1944 1403 2014 archiepiscopis
1431 1950 1464 1998 et

206 2044 365 2114 episcopo
399 2041 687 2109 wirtzeburgensi
716 2041 754 2095 ad
783 2041 840 2094 hoc
872 2058 927 2109 por
960 2059 1029 2093 eum
1063 2041 1227 2094 inritatis.
1265 2041 1304 2095 Et
1336 2048 1409 2112 post
1437 2044 1464 2096 in

206 2139 305 2209 vigilis
324 2138 607 2208 Peutecostesipse,
637 2142 807 2208 postquem
848 2137 1125 2191 l'oderionteusm
1163 2139 1252 2191 rexit
1283 2138 1576 2201 ecclesismrunrs,

205 2244 449 2313 annisviginti
469 2247 612 2314 septem,
645 2244 892 2297 defunctorem
924 2239 957 2298 et
989 2237 1143 2300 surressit
1167 2237 1195 2300 ci
1227 2236 1337 2301 llolho
1361 2238 1465 2302 alebas

207 2350 457 2418 ilcmseltlensiS.
507 2356 594 2409 'I'uno
613 2362 749 2410 sanctus
763 2356 940 2409 Godehordus
955 2357 1347 2426 episcopushildensemensis.
1369 2359 1464 2414 intel·

206 2466 318 2535 ligeris
333 2465 364 2519 io
383 2463 506 2534 spiritu
526 2481 619 2517 unum
640 2462 677 2517 de
696 2463 865 2533 episcopis
885 2463 1054 2532 provincie
1074 2463 1215 2524 obiisse.
1235 2464 1312 2518 hora
1333 2466 1463 2536 prandii

206 2579 278 2616 cum
297 2562 367 2615 suis
386 2559 546 2630 prendere
565 2558 673 2613 noluit
692 2565 723 2613 et
743 2560 830 2613 dixit
848 2559 975 2613 nuncium
995 2578 1041 2622 se,
1057 2560 1247 2630 priusquam
1268 2562 1463 2630 pranderet.

207 2658 398 2712 auditurum
432 2663 464 2711 el
497 2658 629 2712 missam
663 2656 886 2726 sntoprendium
920 2675 954 2709 se
988 2656 1072 2710 relle
1105 2657 1284 2712 celebrere.
1323 2658 1361 2713 Et
1389 2677 1464 2713 erce

205 2756 325 2810 stetim
353 2755 493 2808 nuncius
530 2754 641 2811 adest.
676 2756 729 2824 qui
769 2754 958 2823 episcopum
1002 2753 1305 2808 l'oderhuruensem
1337 2758 1463 2811 abiisse

206 2850 393 2907 nunciavit.
449 2851 590 2905 Sanetus
624 2851 728 2918 igitur
756 2850 933 2904 Godehardus
967 2851 1099 2904 missam
1137 2869 1192 2920 pro
1221 2853 1330 2906 salute
1358 2855 1464 2907 anime

207 2946 410 3016 lleynssrei
431 2947 550 3001 devote
579 2947 772 3001 celebrarit.
811 2947 848 3000 lit
878 2947 995 3000 deinde
1024 2948 1095 3001 dum
1130 2965 1287 3001 reversus
1315 2956 1404 3003 esset
1430 2951 1463 3004 sd

207 3043 361 3115 prandium,
377 3044 508 3098 ambabus
523 3043 647 3097 manibus
665 3049 777 3114 accepts
795 3044 885 3097 simila
900 3045 1040 3114 appisits:
1060 3045 1091 3103 ,ll
1107 3044 1202 3105 neate,
1223 3045 1343 3114 inquit.
1363 3047 1464 3117 ,Meyn-

207 3159 303 3201 verce.
328 3141 461 3211 quomodo
480 3146 507 3195 le
526 3142 581 3195 lata
600 3148 648 3194 tus
665 3141 756 3194 similo
774 3160 789 3194 a
809 3142 942 3194 eommuni
963 3148 1048 3194 morte
1068 3160 1119 3194 non
1139 3141 1287 3194 liberavit?
1334 3142 1365 3195 m
1395 3152 1464 3211 ege‘,

207 3238 337 3308 inquit.
371 3254 458 3307 ‚quem
478 3238 524 3291 diu
543 3243 683 3308 superstes
703 3239 786 3298 luero.
815 3236 848 3290 de
867 3237 928 3291 elbo
948 3256 1016 3307 pane
1045 3256 1096 3291 non
1120 3237 1254 3305 perstabo,
1281 3240 1363 3307 quod
1394 3241 1463 3310 ipse

206 3353 265 3405 per
297 3334 381 3387 duos
411 3352 512 3388 runos
544 3336 649 3388 minus
681 3340 796 3404 quatuor
828 3335 1027 3404 septimanis
1050 3340 1076 3387 et
1097 3335 1185 3388 tribus
1211 3335 1314 3391 diebus.
1343 3337 1464 3404 (peribus

204 3432 372 3502 supervixit,
400 3432 518 3485 stricte
551 3434 701 3485 servarit
705 3473 1460 3488 .............

318 3862 483 3917 Hearious
502 3865 631 3918 tercius
655 3865 752 3918 lilius
771 3865 914 3917 l'onrudi
937 3867 1089 3931 regnarit
1111 3866 1208 3918 annis
1227 3866 1461 3935 septemdecim
1482 3874 1494 3920 †
1512 3876 1569 3914 roro.

317 4059 407 4109 Anne
435 4056 627 4110 duodecimo
656 4058 792 4112 ilenriei
822 4057 910 4110 sethe
929 4059 1071 4127 episeopus
1096 4059 1325 4112 rnoermreeinis
1352 4060 1464 4112 moritur
1506 4072 1563 4110 rear.

202 4170 233 4216 ‘¹
266 4160 389 4215 soeeedir
425 4161 450 4213 ei
484 4162 599 4224 teneone,
648 4157 702 4236 qai
736 4157 814 4218 rexit
851 4156 1019 4219 eeclesiam
1045 4156 1138 4221 arinis
1169 4157 1277 4229 sisinii
1306 4159 1459 4238 «mirique.
1478 4136 1649 4180 ‘⁴'¹'“²¹'‘'‘''‘'

299 4372 315 4399 ί·
335 4360 405 4410 doen
425 4358 489 4412 Pnd.

304 4550 322 4609 ¹)
345 4550 388 4612 (Υ.
409 4549 593 4615 b'errelepimn
616 4550 726 4601 lintei-la.
756 4551 885 4612 limitrsl.
904 4553 926 4612 s.
947 4553 1028 4613 eremis.
1051 4552 1144 4602 (neele.
1166 4571 1189 4600 u.
1212 4553 1265 4601 ‚lla
1288 4552 1321 4602 X.
1342 4556 1368 4601 N.
1393 4557 1450 4602 ersi.

263 4658 471 4703 l'onmidromius
484 4659 608 4704 (lobslini
625 4661 726 4703 Person.
1276 4653 1294 4709 3
