3390 5160
742 308 934 362 -236-

215 465 400 529 bominibus
424 466 598 531 commissa
620 485 678 529 seu
702 465 876 530 commissa
898 464 995 530 fuisse
1023 466 1173 543 conficta,
1197 466 1231 530 in
1265 465 1458 533 diffamacio·

215 600 288 643 nem
315 584 419 644 status
443 581 580 657 illorum,
614 580 669 660 qui
705 579 872 660 hocopus
906 579 1120 645 intendebant
1151 600 1334 657 assumere,
1366 586 1460 645 retor-

215 695 369 775 quebant.
416 695 454 759 Et
479 715 517 758 ex
541 693 602 757 biis
626 694 721 772 vulgo
746 698 899 776 corrupto
923 694 988 759 fere
1012 698 1082 760 tota
1099 695 1216 759 vicinia
1231 695 1274 760 ab
1290 695 1354 761 boc
1371 715 1462 777 opere

216 808 400 873 incboando
424 809 543 873 avertit
567 808 695 889 pietatis
720 808 883 872 affectum.
930 809 995 873 Sed
1015 808 1068 874 ille
1082 809 1138 891 qui
1154 809 1245 874 solus
1260 810 1354 874 norit
1370 810 1462 892 ipsius

215 922 390 986 behemoth
406 942 562 1003 squamas
578 922 645 985 suis
660 926 831 1003 penetrare
843 933 858 962 ‘²
882 923 1017 1003 sagittis,
1037 927 1151 988 contra
1166 944 1201 988 se
1215 924 1388 988 consilium
1403 944 1461 987 non

215 1057 286 1100 esse
309 1040 459 1117 patenter
482 1036 634 1112 ostendit,
658 1037 736 1100 dum
761 1056 875 1100 omues
898 1035 1035 1118 predicti
1058 1037 1113 1103 alii
1137 1037 1256 1102 timore
1279 1037 1335 1103 alii
1358 1038 1462 1102 farore

217 1150 265 1213 rel
289 1170 401 1215 amore
424 1149 519 1215 tracti
543 1149 595 1230 pie
619 1150 865 1230 perseverancie
888 1149 989 1231 ipsius
1012 1151 1105 1215 electi
1138 1156 1318 1216 cesserunt.
1365 1150 1463 1215 Nemo

217 1266 329 1327 lanaen
355 1283 393 1327 ex
419 1263 570 1327 omnibus
594 1262 654 1326 sibi
678 1263 831 1327 subiectis
856 1263 884 1327 ei
908 1264 941 1327 in
964 1262 1026 1329 boc
1059 1264 1143 1330 facto
1176 1268 1246 1329 tum
1279 1269 1464 1330 constanter

216 1376 344 1441 adhesit
354 1373 370 1413 l
400 1397 499 1458 quam
533 1375 756 1441 laborantibus
790 1377 821 1440 in
850 1378 1048 1442 contrarium
1073 1398 1108 1442 se
1131 1378 1241 1460 palam
1265 1384 1463 1461 presumeret

217 1509 393 1572 opponere,
427 1491 488 1554 nisi
511 1491 704 1573 inquantum
730 1509 789 1570 ego
816 1491 952 1572 pusillus
984 1491 1157 1559 audebam.
1213 1492 1310 1558 Unde
1341 1492 1462 1571 accidit,

215 1605 304 1686 quod
336 1605 521 1686 prepositus
553 1603 685 1669 ecclesie
718 1603 924 1683 cathedralis,
957 1605 1062 1671 maior
1094 1605 1214 1671 ibidem
1255 1607 1403 1689 prelatus
1433 1607 1462 1672 in

215 1718 330 1783 eadem
355 1719 499 1796 ecclesia,
524 1723 618 1783 torro
634 1718 726 1783 vultu
741 1721 774 1783 et
788 1717 933 1784 mordaci
951 1737 1031 1784 voce
1050 1719 1238 1785 huiusmodi
1254 1720 1357 1786 verba
1370 1720 1462 1787 michi

216 1835 346 1898 retorsit
369 1835 401 1897 in
425 1833 561 1898 vultum.
609 1833 735 1911 ,Veniet
757 1837 897 1915 tempus,
930 1834 1019 1916 quod
1047 1833 1202 1917 optabitis
1234 1834 1316 1900 istos
1348 1855 1462 1901 canum

216 1949 393 2014 venacione
415 1948 582 2012 eliminare
605 1948 647 2011 de
669 1950 766 2024 terra,
791 1967 982 2057 quosmunc
1005 1948 1192 2015 adducere⁰
1212 1949 1354 2015 nitimini
1369 1970 1463 2016 cona·

217 2063 304 2127 mine
328 2063 442 2144 grandi
453 2059 490 2127 1¹⁶.
536 2061 835 2127 Machinacionibus
867 2063 979 2144 itaque
1001 2062 1196 2146 supradictis
1219 2064 1374 2130 omnibus
1410 2069 1463 2130 aut

220 2177 405 2242 reddituum
438 2195 622 2240 annuomm
650 2176 874 2256 assignacione
897 2177 1062 2258 suspensis
1085 2182 1144 2242 aut
1169 2197 1253 2261 pene
1276 2179 1357 2244 iuu's
1379 2199 1464 2244 com·

216 2292 398 2357 minacione
422 2292 598 2373 peremptis
621 2310 678 2355 seu
702 2311 916 2373 personamm
940 2295 1078 2373 pensata
1109 2291 1242 2358 levitate
1263 2294 1464 2376 parvipensis

217 2407 396 2488 litterisque
419 2426 518 2487 super
541 2405 760 2471 translacione
783 2409 816 2470 et
842 2405 1078 2470 reformacione
1110 2406 1264 2488 predictis
1297 2407 1463 2491 expeditis,

217 2543 299 2606 opus
324 2523 429 2604 ipsum
454 2522 542 2602 prior
565 2524 754 2586 constanter
777 2526 826 2585 est
849 2541 1030 2601 aggressus.
1077 2521 1118 2586 Et
1139 2521 1258 2587 deinde
1276 2542 1338 2606 pro
1362 2524 1463 2606 primo

217 2642 358 2720 quatuor
381 2656 420 2700 ex
444 2635 597 2700 fratribus
620 2635 741 2699 ordinis
765 2636 814 2699 sui
838 2635 899 2700 sub
922 2635 1033 2716 regula
1056 2635 1144 2702 beati
1160 2637 1334 2719 Augustini
1357 2658 1464 2705 smum

217 2753 285 2817 Deo
303 2751 515 2815 militantibus
539 2750 687 2814 adductis
711 2749 880 2815 ecclesiam
903 2750 1125 2816 Budecensem
1145 2769 1251 2834 usque
1273 2755 1353 2818 tuuc
1376 2773 1466 2820 secu·

217 2869 318 2932 larem
353 2867 384 2930 in
415 2866 649 2931 monasterium
682 2866 913 2930 canonicorum
946 2865 1142 2946 regularium
1175 2866 1342 2932 transtulit
1375 2872 1409 2934 et
1434 2869 1466 2933 in

217 2983 332 3048 eodem
357 2983 460 3045 dictos
484 2981 599 3046 fratres
623 2981 761 3045 instituit
784 2981 872 3045 iuxta
897 2979 1054 3062 privilegii
1082 2980 1223 3063 desuper
1245 2981 1465 3064 perelectam

219 3103 251 3163 et
274 3098 452 3179 capitulum
476 3095 638 3177 predictos
662 3095 804 3159 concessi
830 3094 890 3159 sibi
913 3094 1064 3159 formam.
1111 3094 1151 3160 Et
1181 3094 1228 3160 sic
1259 3095 1349 3162 beati
1382 3096 1467 3180 Mey-

217 3213 330 3294 nnlpbi
354 3212 445 3286 risio,
471 3230 534 3291 que
557 3229 728 3274 cervamm
751 3213 826 3291 post
849 3228 1170 3275 recessumcerrum
1202 3209 1308 3275 cmcis
1339 3210 1466 3292 signum

218 3328 300 3391 inter
324 3346 445 3390 cornua
469 3327 650 3404 gestantem
675 3323 825 3400 ostendit,
850 3328 883 3388 et
905 3342 1042 3405 presaga
1065 3323 1250 3389 futurorum
1281 3322 1345 3389 loci
1369 3325 1468 3409 ipsius

217 3441 358 3505 nominis
382 3438 550 3521 imposicio
575 3438 660 3502 facta
683 3457 742 3519 per
765 3437 905 3503 eundem
938 3438 1109 3503 manifeste
1141 3436 1294 3503 videntur
1325 3438 1467 3522 implete.

218 3557 263 3620 [le
296 3554 439 3618 misterio
474 3553 605 3634 quidem
636 3552 854 3634 imposicionis
877 3553 1017 3617 nominis
1041 3551 1190 3618 videlicet
1211 3552 1371 3620 Budekcu
1402 3574 1467 3620 nou

218 3669 482 3735 inconvenienter
505 3667 645 3731 arbitror
668 3687 738 3731 esse
762 3666 955 3744 notandum,
979 3667 1056 3749 quia
1080 3664 1236 3733 Budeken
1257 3669 1368 3750 patria
1390 3689 1468 3737 roce

218 3784 375 3848 doliolum
401 3803 457 3847 seu
479 3802 616 3864 parvum
637 3781 760 3845 dolium
781 3787 886 3846 sonat.
934 3782 1063 3846 Dulium
1083 3802 1201 3865 nempe
1224 3784 1406 3866 perfectum
1428 3804 1467 3851 ex

217 3899 343 3964 siccatis
359 3899 522 3962 asseribus
540 3901 593 3960 etl
616 3892 784 3973 levigatiss
799 3917 856 3978 per
871 3897 1071 3962 sulcaciones
1086 3897 1264 3963 uniformes
1278 3917 1383 3963 unum
1397 3899 1466 3965 fun·

218 4014 407 4077 (lamentum
423 4011 711 4092 complectentibus
726 4013 941 4092 mutuamque
956 4011 1016 4074 sibi
1032 4011 1223 4077 facientibus
1243 4013 1467 4079 ussisteuciam

219 4130 276 4193 ine
297 4146 415 4207 corpus
441 4145 540 4188 uuum
565 4125 698 4205 liquoris
731 4126 953 4188 contentivam
983 4144 1041 4206 per
1064 4144 1207 4191 nexuum
1229 4124 1468 4193 districtionem

218 4243 279 4307 bac
304 4243 335 4304 iu
360 4240 466 4322 patria
486 4240 696 4316 deformatur,
721 4259 780 4320 per
803 4239 891 4320 quod
916 4259 990 4303 rere
1014 4240 1176 4322 religionis
1198 4238 1356 4322 perfectio
1380 4240 1469 4309 iuxta

220 4358 283 4422 tria
306 4357 355 4419 sui
381 4354 610 4419 substancialia
635 4374 701 4417 non
725 4353 886 4418 immerito
911 4359 1020 4435 potest
1052 4376 1123 4421 esse
1149 4353 1332 4435 designata„
1379 4356 1470 4423 Sicut

307 4554 321 4581 ¹¹
343 4544 483 4611 penetrare
502 4540 559 4593 uuis
578 4540 608 4593 'lt
647 4539 662 4578 lt
684 4543 777 4592 rormr
796 4544 838 4593 est
857 4558 1005 4609 aggressus
1024 4541 1229 4595 ‹rurctoretm
1246 4537 1279 4595 Τ.
1316 4553 1331 4583 ⁰
1353 4538 1468 4597 dced't‘.

218 4628 233 4669 (Ι
254 4633 321 4699 folet
340 4629 508 4684 introducere
527 4628 557 4681 T.
613 4640 626 4669 ⁰
648 4632 718 4681 ‹leeot
737 4628 767 4681 T.
824 4626 836 4668 s
862 4629 991 4699 lenigotis
1009 4628 1040 4685 Τ.
1100 4630 1165 4682 ut
1181 4624 1214 4685 Β.
