3390 5160
761 289 962 370 Lue-

352 475 508 538 [lominus
532 474 684 536 Urbanus
708 492 795 536 anno
819 473 1029 554 pontificatus
1057 473 1105 536 sui
1140 472 1312 537 undecimo
1346 472 1487 537 videlicet

53 609 104 647 nn
120 605 179 657 apr.
196 609 226 647 n.
243 589 422 652 nativitatis
447 588 574 651 Domini
605 590 686 651 meu
711 589 811 650 tercio
836 587 909 650 idus
924 588 1044 668 Aprilis
1060 587 1123 652 tria
1138 587 1341 651 memorialia
1358 587 1488 664 insignia

243 703 389 766 instituit.
448 703 592 764 Primum
631 702 699 777 suit,
734 701 821 782 quod
859 722 965 764 armus
1003 702 1149 779 inhiens
1192 721 1251 783 per
1291 700 1487 766 Clementem

243 821 369 880 sextum
395 818 435 880 de
459 816 636 879 centesimo
660 835 747 879 anno
771 816 812 879 acl
838 817 1143 897 quinquagesimum
1160 835 1283 880 annum
1305 816 1488 881 reductum.

244 930 377 995 deberet
400 931 601 1011 temporibus
626 930 701 994 inde
726 930 840 993 laturis
864 930 904 994 de
928 931 1091 995 tricesimo
1116 931 1216 996 tercio
1249 950 1338 995 anno
1372 931 1403 993 in
1439 930 1488 993 tri·

244 1044 363 1108 cesium
388 1044 523 1108 tercium
548 1065 670 1108 annum
695 1064 824 1125 semper
847 1046 1023 1120 observari,
1057 1050 1089 1109 et
1113 1045 1238 1121 statuit,
1268 1044 1358 1126 quod
1391 1062 1488 1108 annus

243 1159 423 1221 nativitatis
448 1160 576 1221 Domini
600 1162 676 1222 tunc
701 1159 848 1239 proxime
872 1164 1039 1235 venturus,
1067 1159 1215 1224 videlicet
1243 1160 1339 1233 1390,
1363 1157 1486 1222 deberet

244 1292 315 1335 esse
345 1272 490 1341 iuhileus.
526 1277 557 1335 et.
581 1273 733 1353 deinceps
758 1292 863 1336 annus
888 1275 1069 1339 tricesimus
1102 1273 1221 1339 tercius
1245 1291 1377 1353 semper
1398 1271 1486 1336 debe

244 1389 293 1449 ret
316 1405 388 1448 esse
412 1387 558 1459 luhileus‚
584 1391 615 1449 ct
640 1386 741 1450 movit
765 1407 851 1464 eum,
885 1389 974 1469 quod
997 1392 1103 1452 totum
1131 1391 1262 1468 tempus
1285 1387 1352 1451 vite
1374 1384 1487 1449 domini

244 1500 347 1563 nostri
381 1501 452 1564 lesu
477 1501 596 1565 Christi
622 1501 653 1563 ln
682 1501 897 1591 humanitate,
930 1507 1106 1585 postquam
1131 1507 1229 1567 natus
1267 1505 1318 1566 est
1355 1500 1396 1565 de
1432 1499 1491 1562 rir-

244 1613 328 1693 gine,
353 1634 411 1695 per
430 1615 520 1677 cuius
545 1619 683 1678 mortem
709 1616 881 1680 thesaurus
905 1617 1047 1694 ecclesie,
1076 1616 1163 1682 unde
1196 1615 1401 1697 indulgencie
1422 1635 1491 1698 pec·

245 1733 392 1793 catorum
417 1748 610 1810 quecunque
630 1735 795 1807 emanant,
821 1729 1030 1796 cumulatusb
1050 1735 1099 1796 est
1114 1742 1145 1807 ⁰,
1169 1731 1302 1810 triginta
1325 1730 1422 1793 trium
1437 1749 1514 1794 an—

245 1862 361 1905 norum
387 1844 545 1907 curriculo
571 1845 805 1925 complebatur.
852 1846 1039 1910 Secundum
1074 1846 1133 1909 luit
1156 1845 1273 1910 testum
1300 1841 1561 1907 visitacioniffi

244 1956 341 2021 beate
365 1958 465 2021 Marte
489 1959 631 2036 virginis,
656 1960 744 2040 quod
769 1961 884 2024 statuit
908 1961 1050 2026 crastino
1075 1964 1190 2026 octave
1214 1958 1320 2024 sancti
1344 1957 1571 2022 iohanni&

245 2072 392 2153 Baptista
408 2072 430 2155 ¹)
455 2074 589 2153 singulis
613 2074 707 2137 annis
731 2075 762 2137 in
788 2075 924 2139 ecclesia
947 2075 1114 2150 celebrari,
1137 2079 1174 2138 ut
1196 2075 1295 2138 beata
1315 2072 1412 2154 Virgo
1430 2072 1496 2135 sui:
1535 2078 1582 2137 ι’,-

244 2187 394 2267 precihus
436 2187 569 2251 ecclesie
602 2189 756 2252 unionem
792 2189 968 2253 reformare
1001 2194 1033 2253 et
1065 2188 1278 2254 reformatam
1305 2205 1486 2252 consecrar-
1512 2204 1588 2252 -τε

245 2301 442 2381 dignaretur.
484 2302 635 2365 Tereium
661 2304 728 2376 luit,
753 2304 840 2384 quod
862 2324 927 2367 non
957 2304 1108 2368 obstante
1141 2302 1313 2367 interdicto
1346 2301 1592 2366 ecclesiffl·

245 2417 326 2480 stieo
351 2417 382 2479 in
407 2417 488 2480 lesio
520 2419 664 2497 corporis
692 2418 810 2482 Christi
844 2423 981 2500 possunt
992 2416 1007 2456 ¹¹
1036 2418 1158 2499 apertis
1190 2417 1296 2482 ianuis
1319 2435 1360 2480 eo
1387 2415 1541 2479 mode>
1563 2434 1595 2480 o.

246 2552 312 2614 quo
336 2552 524 2596 concessum
552 2538 601 2597 est
624 2553 683 2615 per
707 2534 908 2598 Bonilacium
933 2538 1086 2598 octavum
1117 2534 1149 2597 in
1173 2537 1317 2615 quatuor
1342 2532 1596 2597 festinian-

245 2647 331 2710 tibus
345 2647 379 2730 ¹²),
397 2647 507 2712 (lirina
523 2648 689 2712 celebrari.
725 2650 762 2712 ut
782 2651 826 2713 sic
847 2649 1044 2731 completum
1065 2653 1114 2713 est
1133 2647 1223 2725 illud,
1243 2647 1332 2730 quod
1355 2647 1396 2712 de
1414 2648 1526 2711 lest!
1541 2650 1595 2707 sto

245 2763 390 2843 corporis
437 2762 555 2825 Christi
602 2764 795 2828 venerabilis
841 2765 956 2828 doctor
994 2764 1156 2828 lohannes
1202 2761 1371 2844 Andrean
1418 2765 1504 2826 an}
1520 2763 1595 2823 nte

245 2897 349 2941 annos
374 2880 417 2940 80
440 2877 579 2959 predixit
610 2898 708 2959 super
739 2879 960 2943 Clementina:
995 2879 1028 2943 Si
1062 2878 1232 2942 dominum
1256 2878 1298 2942 de
1320 2897 1366 2943 re.
1389 2882 1421 2941 et
1442 2896 1470 2937 v·
1493 2892 1594 2935 ‘aa

244 2992 384 3075 sanct.⁴)
419 2993 451 3056 in
492 2993 583 3073 glosa
625 3014 723 3074 super
756 2995 854 3057 verho
888 2994 1067 3059 revelatum
1083 3002 1107 3057 ⁰.
1173 2992 1310 3074 lnsuper
1343 2992 1522 3057 dominis
1543 3005 1594 3051 sus

247 3108 398 3171 Urbanus
422 3107 539 3172 adiecit
568 3108 642 3171 huic
675 3109 790 3185 gracie,
825 3109 913 3190 quod
948 3109 1133 3189 quicunque
1165 3111 1348 3190 sequuntur
1378 3124 1499 3188 corp·
1512 3119 1596 3163 «ius

246 3224 460 3298 Dominicum,
497 3223 630 3303 quando
654 3220 818 3286 ‹telerturf
844 3224 886 3286 ab
910 3223 1045 3288 ecclesia
1069 3222 1111 3287 ad
1135 3222 1301 3287 infirmum
1334 3221 1424 3285 etde
1446 3220 1472 3282 ir
1491 3218 1540 3280 i
1560 3216 1598 3277 in·

248 3340 339 3401 tirmo
364 3339 406 3402 :nt
431 3338 609 3407 ecclesium.
636 3338 677 3400 illi
702 3339 726 3400 si
753 3338 888 3401 confessi
914 3341 945 3401 et
969 3337 1098 3401 contriti
1121 3336 1251 3415 luerint,
1274 3340 1403 3402 centurn
1425 3333 1509 3399 dii
1525 3330 1598 3395 sies

246 3454 523 3529 intluleenciaruur
558 3453 752 3516 auctoritate
790 3453 969 3534 apostolica
1012 3455 1263 3533 consequentur.
1325 3450 1361 3514 Et
1398 3458 1599 3530 sup-:31¹1

246 3569 397 3631 omnilms
421 3569 470 3630 his
495 3568 585 3631 litere
609 3567 785 3647 apostolice
810 3587 867 3648 per
898 3567 1098 3631 Bonilaeium
1123 3585 1249 3629 nonum
1272 3570 1348 3648 post
1370 3565 1598 3628 obitum

245 3684 368 3746 ‹tornini
395 3682 515 3746 {filiani
540 3702 691 3745 concesse
715 3687 800 3756 sunl,
834 3702 972 3763 quarum
997 3682 1108 3762 copias
1138 3684 1274 3763 propter
1303 3680 1598 3745 breviatorem

246 3801 386 3881 presenti
413 3799 492 3861 lihro
517 3809 608 3861 noue'
630 3799 758 3874 inserui,
789 3799 929 3862 maxime
954 3817 1026 3861 curn
1061 3796 1102 3860 ad
1128 3816 1224 3860 usum
1258 3796 1329 3878 ipsa
1361 3794 1500 3860 redut>
1515 3792 1595 3853 ncta

246 3920 330 3978 sinit.
381 3916 466 3977 Fecit
500 3919 608 3977 autem
648 3913 800 3976 dominus
834 3913 985 3976 Urlmnus
1027 3911 1196 3993 quandam
1238 3910 1478 3977 declaraeion·
1492 3920 1590 3968 meent

246 4050 344 4111 super
379 4030 601 4092 tllenuentina:
637 4029 776 4092 Dudum.
810 4029 851 4091 ‹tc
888 4028 989 4108 sepul.
1024 4028 1159 4108 propter
1191 4026 1300 4092 varias
1327 4025 1485 4108 opinio·
1507 4036 1587 4081 nura·

336 4215 350 4240 ¹¹
371 4201 501 4253 deductus
531 4200 557 4254 l..
588 4199 652 4252 l'nd.
745 4198 758 4235 ¹¹
779 4198 928 4251 tumulatus
960 4197 1025 4251 Pnd.
1063 4196 1184 4262 (Druck).
1276 4200 1383 4251 creat
1411 4194 1439 4247 C·
1465 4192 1571 4247 ‘m

246 4289 259 4329 ¹¹
282 4291 384 4359 possim
414 4290 473 4342 l'ur.
502 4287 622 4349 tllruckt.
715 4301 727 4327 ⁰
751 4287 864 4340 relatum
893 4286 958 4340 l'ud.
988 4285 1014 4342 L.
1045 4284 1168 4352 (Druck).
1259 4284 1273 4327 Ῑ
1296 4276 1561 4341 τοίοήῑῐ-ἰά

246 4391 261 4425 u
291 4382 359 4427 ‹tt—ea
389 4377 452 4429 l'rul.

338 4535 355 4599 ¹)
374 4537 435 4585 Jntt
464 4542 486 4583 ι’.
541 4562 549 4567 -
589 4530 1011 4598 aequarint!.··.ut.11.
1064 4530 1414 4595 -⁵)Gchorennm1272.
1488 4542 1529 4587 ,n-

246 4624 349 4673 stan-tun
381 4627 455 4675 litte,
477 4649 508 4657 -
537 4622 554 4655 ¹>
574 4621 638 4688 Cap.
659 4637 701 4673 un.
723 4620 805 4674 Clem.
827 4620 872 4676 ΙΙΙ.
892 4619 932 4676 tlt.
957 4620 995 4674 16.
