3352 5166
754 315 948 370 „144..

17 483 67 522 ¹⁴⁰¹
84 480 155 523 Men
167 485 198 523 1⁴-
217 471 459 552 prestolabatur
482 472 577 536 effect
603 520 609 534 .
657 470 754 533 Anno
779 471 876 549 igitur
898 469 1078 535 nativitatis
1100 468 1231 535 Domini
1259 460 1341 535 lior
1371 471 1477 553 pridie

216 584 293 649 ldus
317 586 427 651 Marcii
461 587 612 649 clonrinus
640 585 828 650 ll'illrelmus
852 584 1023 650 insinuatis
1047 584 1147 648 literis
1169 584 1238 649 suis
1255 584 1403 667 capitulo
1417 584 1477 651 ad-

217 701 335 765 missus
355 704 413 778 est,
448 706 480 766 et
503 702 655 766 dominus
679 700 880 765 Bertrandus
904 698 1042 781 receptis
1076 698 1205 763 duobus
1238 700 1332 781 equis
1365 703 1399 765 et
1430 701 1477 763 ri·

217 815 297 894 ginti
321 816 451 879 llorenis
475 836 534 897 per
556 816 735 897 capitulum
759 816 819 879 sibi
843 819 962 897 sponte
985 814 1125 891 donatis
1159 814 1221 877 sub
1257 815 1355 879 certis
1388 814 1476 881 iura-

217 931 336 994 mentis
369 936 401 994 et
429 931 663 1011 scripturarum
698 930 908 993 munimentis
944 949 1003 1010 per
1035 948 1110 993 eum
1143 929 1287 1010 prestitis
1319 926 1475 993 dimissus

217 1065 289 1108 cum
314 1065 380 1109 non
404 1046 532 1109 modica
556 1046 746 1110 contusione
770 1044 913 1109 recessit.

325 1160 493 1224 interiret·
517 1181 599 1224 uxor
624 1160 802 1225 Hermanni
836 1159 963 1223 comitis
987 1158 1087 1223 tilium
1115 1161 1336 1240 peperernt“;
1371 1178 1475 1241 quare

217 1279 403 1339 contractus
426 1276 466 1339 de
491 1276 648 1339 comitatu
672 1295 731 1339 suo
756 1274 876 1339 diocesi
900 1273 1161 1338 paderburnensi
1194 1273 1349 1357 uniendo,
1384 1274 1473 1339 iuxta

217 1391 305 1470 quod
330 1391 515 1455 condictum
539 1394 619 1468 erat,
643 1391 805 1454 resolutus
829 1394 887 1466 ost,
912 1393 944 1452 ct
967 1387 1105 1452 diocesis
1127 1389 1198 1469 ipsa
1230 1406 1319 1451 anno
1343 1388 1473 1453 Domini

222 1507 304 1568 ituit
329 1506 549 1585 redintegrata
573 1505 706 1568 domino
732 1503 905 1567 Wilbelmo
930 1503 1032 1567 eleeto
1057 1504 1089 1566 et
1112 1504 1308 1567 confirmato
1340 1506 1412 1567 tam
1441 1502 1473 1567 in

217 1619 438 1701 spiritualibus
460 1640 559 1701 quum
591 1621 622 1683 in
656 1620 890 1701 temporalibus
922 1617 982 1682 soli
1016 1616 1215 1698 integraliter
1246 1622 1346 1699 prout
1379 1622 1473 1683 ante·

216 1735 399 1798 sessoribus
423 1735 489 1798 suis
513 1734 634 1798 obedit.

306 1849 428 1914 Eodem
453 1869 540 1913 anno
565 1849 716 1913 dominus
737 1848 930 1913 Wilbelmus
949 1866 1104 1912 exercens
1123 1846 1313 1913 inimicicias
1327 1846 1473 1931 singula·

216 1983 268 2026 ros
292 1967 406 2029 contra
431 1964 606 2027 llcnricum
631 1964 671 2027 de
696 1963 770 2037 tire,
795 1964 850 2044 qui
874 1966 1017 2027 castrum
1047 1961 1284 2043 Ravensberph
1318 1984 1338 2027 a
1372 1964 1473 2031 fratre

218 2078 317 2159 ipsius
341 2079 463 2142 domini
488 2079 662 2155 ll'ilbelmi,
698 2078 845 2143 videlicet
869 2078 1002 2159 domino
1033 2076 1152 2141 Adolfo
1185 2078 1306 2142 comite
1338 2078 1381 2143 de
1404 2078 1472 2145 Ra·

217 2193 408 2272 vensberglr,
434 2193 534 2256 tenuit
560 2193 748 2271 obligatum,
773 2193 851 2256 dum
878 2211 989 2255 rersns
1012 2194 1122 2273 partes
1146 2190 1264 2267 Rheni,
1298 2192 1391 2257 tratri
1410 2213 1472 2259 suo

216 2307 361 2387 predicto
387 2312 418 2370 ct
442 2308 526 2388 patri
550 2328 610 2371 suo
634 2308 790 2370 mrxilium
815 2308 939 2371 laturus
971 2305 1243 2387 proficisceretur,
1275 2306 1320 2373 ab
1353 2308 1471 2375 eodem

35 2441 201 2485 musnet-1.
216 2422 356 2485 ilenrico
382 2422 412 2484 in
447 2422 590 2502 quadam
616 2422 700 2499 villa,
735 2443 801 2503 qna
835 2441 907 2485 curn
941 2422 1008 2484 suis
1032 2421 1201 2501 requierit,
1234 2426 1332 2487 nocte
1354 2426 1473 2505 captus

216 2533 291 2597 esth
312 2537 463 2601 vicesima
488 2537 627 2617 :septima
651 2537 703 2601 dic
728 2537 847 2600 mensis
872 2535 1023 2599 Octobris
1038 2535 1070 2617 ¹).

749 2752 932 2832 Cap.8b

323 2890 413 2953 Sicut
437 2890 591 2955 irmsitata
616 2892 757 2971 quedam
782 2892 866 2956 circa
891 2891 1017 2971 gracias
1050 2912 1070 2955 a
1103 2890 1181 2956 sede
1214 2892 1395 2973 apostolica
1421 2892 1539 2970 ‹lt-„n

215 3005 315 3068 versis
345 3006 491 3086 personis
524 3026 695 3069 concessas
728 3009 875 3087 tempore
913 3005 1003 3068 istius
1037 3005 1158 3069 domini
1194 3006 1352 3075 Bonineii
1383 3026 1472 3091 pnpe

215 3120 291 3183 noni
316 3125 472 3183 consucta
497 3121 582 3183 locta
606 3126 691 3189 sunt,
716 3121 757 3183 tle
780 3122 898 3201 quillus
922 3140 1022 3200 supra
1050 3120 1115 3183 iam
1148 3121 1271 3202 scripsi,
1304 3122 1350 3187 sic
1383 3122 1471 3189 circa

139 3312 141 3317 A
215 3234 436 3311 intlulgcncins
469 3235 603 3299 dirersis
637 3235 713 3298 locis
737 3256 908 3299 comissas
931 3235 1072 3316 quedam
1107 3234 1270 3315 incognita
1303 3234 1471 3317 publicata

215 3354 300 3412 sunt.
347 3350 456 3412 Primo
480 3351 610 3430 uiridem
637 3351 845 3431 pontiticulus
870 3351 969 3431 ipsius
993 3370 1091 3427 anne,
1124 3370 1198 3414 curn
1222 3350 1313 3416 iuxta
1336 3350 1472 3417 ordina-

215 3464 342 3526 cionem
366 3465 488 3528 ‹lomini
515 3465 636 3528 t'rlmni
661 3485 747 3546 pape
770 3467 851 3528 sexli
877 3470 908 3528 ct
932 3466 1207 3547 opprobacionem
1232 3465 1326 3531 istius
1343 3466 1470 3531 domini

214 3578 369 3642 Bonilucii
400 3580 528 3660 plurimi
562 3600 621 3660 pro
656 3581 865 3659 imlulgcrniis
898 3581 974 3643 unni
1016 3580 1122 3644 iubilei
1156 3581 1395 3662 consequendis
1427 3580 1470 3647 de

216 3693 373 3757 universis
398 3695 509 3757 mundi
533 3696 680 3776 partibus
705 3696 927 3759 otnulicncinm
953 3696 1012 3777 ipsi
1041 3694 1175 3759 ‹lomino
1208 3694 1378 3760 Boniiacio
1409 3696 1470 3761 ob·

214 3809 419 3872 servantibus
443 3810 485 3872 nd
510 3811 623 3874 urluun
650 3812 833 3875 ltonmnam
860 3813 1082 3874 ccmtlumcnt‘·
1102 3810 1136 3885 fl,
1161 3809 1204 3873 illi
1228 3810 1284 3891 qui
1305 3808 1347 3873 de
1365 3828 1469 3889 regno

216 3920 375 3986 l'rmrcic‘l
396 3928 427 3986 ct
451 3925 503 3987 nlii
524 3925 746 3989 olnuliencimn
768 3926 836 3988 cius
853 3925 1061 4005 rcpnrliantes
1086 3925 1139 3988 illo
1164 3944 1251 3987 anno
1275 3942 1335 4005 pro
1354 3924 1469 3989 buius·

214 4038 301 4099 morli
343 4037 552 4118 indulgenciis
592 4040 731 4102 ltonnnn
770 4060 836 4105 non
876 4044 1042 4103 inierunt.
1103 4038 1168 4101 Scd
1202 4039 1291 4102 iuxta
1324 4038 1468 4120 priorcrn

303 4254 318 4284 o
338 4248 450 4313 peperat
479 4244 538 4299 l’nr.
568 4244 596 4298 b.
666 4244 681 4281 ¹)
701 4252 741 4297 ost
776 4250 800 4297 ot
833 4246 890 4297 l'nr.
970 4244 1180 4296 ‹·conlt11‹=nnn.
1208 4242 1270 4296 Por.
1352 4240 1369 4283 ¹¹
1389 4248 1468 4299 crant

211 4334 270 4397 sript
290 4331 381 4385 Druck
403 4352 442 4385 zu.

300 4524 317 4583 Ἴ
341 4513 411 4575 [Ἴων
433 4523 561 4573 lictoris-le
580 4542 626 4573 ron
643 4526 695 4573 ibn·
711 4525 788 4587 nupt.
807 4525 869 4573 norb
889 4524 1039 4575 t'lnnmilan
1056 4524 1105 4573 dn·
1118 4522 1260 4573 ‹tnrtsclnn
1278 4522 1372 4573 simite
1393 4522 1469 4575 th'

212 4616 239 4662 Η.
261 4615 320 4663 iii.
396 4612 415 4671 ¹³)
443 4612 528 4677 l'cryl.
552 4612 584 4662 li.
608 4613 715 4662 limma·
735 4630 755 4661 ε.
775 4614 802 4662 .1.
827 4617 901 4663 l.'›'.‘ttl.
939 4618 964 4662 N.
986 4620 1027 4662 ss.
1054 4610 1121 4677 licg.
1142 4608 1213 4663 Boic.
1235 4608 1275 4669 10.
1295 4608 1357 4664 255.
