3390 5160
677 371 709 380 -
750 342 799 398 163
837 373 871 381 -

184 418 252 474 ltcc.
272 418 306 475 lt.

255 517 325 582 Hoc
349 538 437 582 anno
460 517 540 583 obiit
568 519 720 583 dominus
753 520 946 585 wilhelmus
978 521 1044 585 dux
1077 521 1118 584 de
1152 521 1271 598 Monte,
1304 527 1600 604 paternensem

149 633 271 697 domini
295 632 458 697 Willrelmi
483 633 574 698 electi
599 634 881 710 Padeburrrensis;
915 640 986 717 post
1022 637 1113 699 cuius
1136 637 1261 700 obitum
1286 637 1398 702 statim

150 746 180 810 in
203 746 325 812 ducatu
350 746 510 811 Montensi
534 767 621 829 aqua
646 752 738 813 lanta
763 749 897 814 ebulirit
921 750 961 815 de
994 754 1080 815 terra
1114 752 1145 814 in
1181 752 1276 816 certis
1309 751 1397 828 loric,

149 864 183 924 ut
206 860 324 923 domos
346 860 488 942 integras
512 881 587 925 cum
612 867 708 940 terra,
739 883 805 944 qua
838 864 1100 943 continebantur,
1134 866 1321 930 transferret
1355 867 1398 931 ad

148 973 211 1040 alia
235 975 316 1040 loca.

256 1089 325 1153 Hoc
340 1109 438 1168 anno,
453 1089 600 1155 videlicet
617 1091 796 1157 nativitatis
810 1091 939 1157 Domini
960 1094 1055 1171 1408,
1077 1097 1195 1175 quarta
1207 1093 1258 1157 die
1276 1094 1397 1158 mensis
1413 1104 1464 1150 1ιί
1478 1111 1498 1150 ⁴·

149 1203 222 1268 Maii
237 1204 390 1269 dominus
409 1204 583 1284 Gregorius
602 1225 689 1288 papa
704 1207 844 1271 existens
861 1207 892 1270 in
917 1208 1049 1272 civibate
1073 1207 1203 1273 Lucana
1228 1214 1259 1272 et
1284 1227 1398 1290 presu-

150 1337 241 1383 mens
282 1319 472 1401 antipapam
511 1339 621 1384 secum
659 1321 772 1387 dolose
809 1341 915 1400 agere,
950 1323 1144 1387 mandavil¹¹
1179 1322 1397 1387 cardinalibus

149 1434 225 1511 suis,
254 1453 296 1499 ne
323 1434 442 1499 Lucam
467 1436 537 1499 sine
560 1435 609 1498 sui
642 1436 773 1517 speciali
798 1435 931 1501 licencia
965 1437 1089 1502 exirent
1122 1442 1153 1503 et
1186 1458 1227 1502 ne
1260 1438 1397 1502 invicem

148 1547 217 1611 sine
256 1548 325 1612 eius
362 1568 515 1631 expresso
553 1550 712 1615 mandato
751 1553 811 1614 sub
849 1571 934 1633 pena
967 1552 1098 1634 periurii
1132 1552 1162 1616 in
1192 1552 1301 1634 aliquo
1325 1553 1397 1617 loco

148 1667 433 1743 congregarentur,
458 1664 539 1727 etsi
565 1663 684 1728 Lucam
711 1665 834 1729 exirent
857 1665 960 1742 aliter,
994 1666 1064 1748 ipso
1092 1668 1177 1732 sacto
1202 1672 1309 1732 essent
1333 1668 1398 1750 pri·

149 1776 215 1840 uati
239 1777 443 1843 cardinalatu
467 1783 500 1843 et
522 1778 674 1842 omnibus
697 1779 872 1855 beneficiis
896 1800 960 1862 que
984 1780 1161 1845 habebant.

255 1892 334 1956 llem
360 1893 528 1956 mundarit
552 1894 607 1967 eiS,
637 1913 678 1958 ne
701 1893 828 1974 aliquos
852 1897 1010 1958 tractatus
1034 1895 1192 1959 haberent
1215 1915 1289 1960 cum
1314 1897 1399 1961 anti·

148 2007 369 2072 cardinalibus
392 2007 441 2072 vel
466 2029 538 2072 cum
564 2009 749 2073 oratoribus
773 2008 912 2073 Gallicis
950 2011 977 2072 Α
1003 2009 1155 2090 predictis
1179 2012 1343 2075 mandalis
1366 2017 1396 2075 et

148 2120 192 2186 ab
215 2122 285 2204 ipso
309 2121 443 2186 domino
466 2142 553 2205 papa
577 2128 747 2205 tamquam
773 2124 857 2188 male
881 2123 1055 2187 informato
1082 2125 1124 2188 ad
1149 2126 1288 2188 eundem
1315 2132 1397 2190 tam·

148 2256 248 2319 quam
278 2238 393 2302 melius
418 2238 628 2301 informatum
662 2243 694 2302 et
726 2238 767 2302 ad
799 2238 968 2301 dominum
1002 2243 1150 2302 nostrum
1176 2240 1281 2303 lesum
1306 2240 1398 2304 Clui-

146 2357 234 2416 stum
274 2352 412 2417 iudicem
452 2356 626 2416 venturum
662 2356 693 2415 et
726 2351 767 2415 ad
801 2352 968 2416 consilium
1000 2353 1151 2431 generale
1183 2358 1213 2416 el
1253 2354 1396 2418 futurum

148 2486 267 2549 papam
292 2470 416 2548 septem
441 2465 622 2530 cardinales
645 2466 892 2548 appellaverunt
913 2467 1090 2532 incivitate
1115 2467 1232 2532 Pisana
1254 2468 1325 2532 xm
1346 2469 1398 2533 die
1414 2489 1465 2528 roc
1480 2484 1532 2529 uer
1549 2489 1579 2529 ra

149 2581 269 2644 mensis
297 2581 452 2644 ciusdem.

256 2695 380 2760 Deinde
403 2695 539 2776 predicti
572 2695 754 2760 cardinales
779 2695 936 2759 miserunt
960 2697 1123 2779 epystolas
1147 2697 1285 2774 reginus,
1310 2698 1398 2779 prin·

148 2810 284 2892 cipibus,
318 2809 567 2890 archiepiscopis
605 2814 637 2874 el
670 2810 829 2891 episcopis
871 2811 1100 2892 conquerendo
1133 2811 1174 2874 de
1212 2832 1308 2893 papa.
1360 2812 1394 2876 ΕΙ

148 2944 234 3008 papa
269 2925 356 2987 misit
388 2923 543 3005 epistolas
575 2928 689 2988 eontra
723 2924 904 2989 cardinales
945 2925 1078 3001 eisdem,
1116 2931 1146 2988 ct
1185 2926 1398 3008 nmltiplicata

147 3043 224 3103 sunt
248 3039 335 3103 niala
359 3038 390 3101 in
415 3041 512 3113 terra,
538 3039 598 3101 boc
623 3043 672 3101 cst
697 3038 728 3102 in
758 3038 943 3102 hominibus
971 3038 1117 3103 terrenis.

256 3153 335 3216 ltem
360 3152 502 3234 quedam
527 3152 665 3234 epistola
690 3152 891 3233 blasphemia
916 3153 1012 3234 plena
1036 3153 1154 3234 scripta
1187 3154 1243 3216 luit
1270 3154 1300 3216 in
1325 3173 1399 3234 per·

147 3268 276 3347 garireni
303 3267 384 3348 pelle
418 3266 519 3330 irsnla
543 3266 585 3330 ab
610 3286 675 3330 una
699 3270 792 3348 parte
816 3271 848 3331 et
871 3268 969 3332 allixa
994 3267 1078 3330 ostio
1101 3267 1219 3331 domus
1234 3269 1398 3331 consesso-

148 3383 192 3446 ris
207 3383 228 3461 ¹)
254 3400 350 3464 pape,
383 3384 552 3461 tamquam
587 3381 769 3462 missaper
800 3381 970 3446 Satiranan
1008 3381 1187 3462 principem
1221 3382 1397 3445 demonum

148 3495 324 3561 consessori
348 3515 433 3576 pape
457 3498 626 3576 tarnquam
655 3495 761 3560 anrico
785 3495 941 3562 Satlrane.
974 3515 1012 3559 ex
1047 3514 1112 3576 qno
1146 3515 1266 3577 papam
1291 3497 1400 3560 absol·

148 3641 300 3651 ——.--.
339 3642 353 3647 η

255 3719 271 3747 ⁸
291 3709 321 3759 ut
339 3705 429 3772 Casa.;
448 3705 579 3774 praecipit
597 3707 644 3756 hur
663 3707 713 3755 dne
732 3704 860 3773 Magnum
880 3704 1023 3758 chronicon
1044 3704 1191 3773 Belgicam,
1213 3707 1321 3757 rcclclna
1339 3708 1399 3759 ln'cr·

149 3813 201 3847 nuc
220 3792 283 3848 lice.
303 3793 324 3846 Α
343 3795 479 3861 ycrrhr'rpsl
503 3794 557 3846 hul.

258 3988 276 4053 ¹)
295 3989 434 4040 durumne«
463 3989 606 4052 Ilmnlnici,
633 4004 656 4040 c.
676 3986 764 4055 presb.
790 3986 832 4039 cit.
852 3987 939 4040 sancti
957 3987 1036 4049 Sixli,
1064 3989 1226 4053 perorantur·
1260 3990 1400 4040 lr‘urdirnrl

147 4095 196 4128 com
218 4078 326 4143 Rrrpunu
345 4083 471 4141 pcmrrml.
