<?xml version="1.0" encoding="UTF-8"?>
<!DOCTYPE html PUBLIC "-//W3C//DTD XHTML 1.0 Transitional//EN"
    "http://www.w3.org/TR/xhtml1/DTD/xhtml1-transitional.dtd">
<html xmlns="http://www.w3.org/1999/xhtml" xml:lang="en" lang="en">
 <head>
  <title>
</title>
<meta http-equiv="Content-Type" content="text/html;charset=utf-8" />
  <meta name='ocr-system' content='tesseract 3.04.00' />
  <meta name='ocr-capabilities' content='ocr_page ocr_carea ocr_par ocr_line ocrx_word'/>
</head>
<body>
  <div class='ocr_page' id='page_1' title='image "./cosmidromiusund00persgoog_0166.png"; bbox 0 0 3352 5166; ppageno 0'>
   <div class='ocr_carea' id='block_1_1' title="bbox 666 326 840 385">
    <p class='ocr_par' dir='ltr' id='par_1_1' title="bbox 666 326 840 385">
     <span class='ocr_line' id='line_1_1' title="bbox 666 326 840 385; baseline 0 -17"><span class='ocrx_word' id='word_1_1' title='bbox 666 326 840 385; x_wconf 14' lang='lat' dir='ltr'>-yqq„</span> 
     </span>
    </p>
   </div>
   <div class='ocr_carea' id='block_1_2' title="bbox 121 482 1383 2287">
    <p class='ocr_par' dir='ltr' id='par_1_2' title="bbox 121 482 1383 2287">
     <span class='ocr_line' id='line_1_2' title="bbox 128 482 1377 562; baseline 0.001 -12"><span class='ocrx_word' id='word_1_2' title='bbox 128 505 241 550; x_wconf 87' lang='lat' dir='ltr'>eorum</span> <span class='ocrx_word' id='word_1_3' title='bbox 265 486 424 551; x_wconf 83' lang='lat' dir='ltr'>devorata</span> <span class='ocrx_word' id='word_1_4' title='bbox 448 491 507 562; x_wconf 91' lang='lat' dir='ltr'>est,</span> <span class='ocrx_word' id='word_1_5' title='bbox 531 487 609 550; x_wconf 93' lang='lat' dir='ltr'>dum</span> <span class='ocrx_word' id='word_1_6' title='bbox 635 507 730 551; x_wconf 92' lang='lat' dir='ltr'>suum</span> <span class='ocrx_word' id='word_1_7' title='bbox 755 509 775 552; x_wconf 91' lang='lat' dir='ltr'>a</span> <span class='ocrx_word' id='word_1_8' title='bbox 799 487 939 552; x_wconf 90' lang='lat' dir='ltr'>Domino</span> <span class='ocrx_word' id='word_1_9' title='bbox 955 488 1188 552; x_wconf 89' lang='lat' dir='ltr'>abscondendo</span> <span class='ocrx_word' id='word_1_10' title='bbox 1207 482 1377 553; x_wconf 88' lang='lat' dir='ltr'>consilium</span> 
     </span>
     <span class='ocr_line' id='line_1_3' title="bbox 127 600 1378 684; baseline 0.003 -21"><span class='ocrx_word' id='word_1_11' title='bbox 127 600 312 665; x_wconf 87' lang='lat' dir='ltr'>huiusmodi</span> <span class='ocrx_word' id='word_1_12' title='bbox 352 601 586 681; x_wconf 78' lang='lat' dir='ltr'>cogitacinnem</span> <span class='ocrx_word' id='word_1_13' title='bbox 621 622 715 666; x_wconf 92' lang='lat' dir='ltr'>suam</span> <span class='ocrx_word' id='word_1_14' title='bbox 753 622 819 666; x_wconf 94' lang='lat' dir='ltr'>non</span> <span class='ocrx_word' id='word_1_15' title='bbox 853 602 1033 668; x_wconf 88' lang='lat' dir='ltr'>iudicantes</span> <span class='ocrx_word' id='word_1_16' title='bbox 1066 623 1137 667; x_wconf 90' lang='lat' dir='ltr'>esse</span> <span class='ocrx_word' id='word_1_17' title='bbox 1179 623 1378 684; x_wconf 80' lang='lat' dir='ltr'>perversam,</span> 
     </span>
     <span class='ocr_line' id='line_1_4' title="bbox 125 714 1380 799; baseline 0.001 -21"><span class='ocrx_word' id='word_1_18' title='bbox 125 714 203 778; x_wconf 90' lang='lat' dir='ltr'>illud</span> <span class='ocrx_word' id='word_1_19' title='bbox 228 714 387 778; x_wconf 63' lang='lat' dir='ltr'>leremie&#39;*</span> <span class='ocrx_word' id='word_1_20' title='bbox 407 734 473 778; x_wconf 89' lang='lat' dir='ltr'>nou</span> <span class='ocrx_word' id='word_1_21' title='bbox 498 715 694 780; x_wconf 83' lang='lat' dir='ltr'>timuerunt:</span> <span class='ocrx_word' id='word_1_22' title='bbox 718 715 778 796; x_wconf 82' lang='lat' dir='ltr'>,l&#39;e</span> <span class='ocrx_word' id='word_1_23' title='bbox 801 716 884 779; x_wconf 78' lang='lat' dir='ltr'>cobis</span> <span class='ocrx_word' id='word_1_24' title='bbox 900 716 961 798; x_wconf 75' lang='lat' dir='ltr'>(ilii</span> <span class='ocrx_word' id='word_1_25' title='bbox 982 716 1159 786; x_wconf 76' lang='lat' dir='ltr'>decertares,</span> <span class='ocrx_word' id='word_1_26' title='bbox 1186 723 1217 778; x_wconf 87' lang='lat' dir='ltr'>ut</span> <span class='ocrx_word' id='word_1_27' title='bbox 1234 717 1380 799; x_wconf 81' lang='lat' dir='ltr'>faceretis</span> 
     </span>
     <span class='ocr_line' id='line_1_5' title="bbox 125 828 1377 915; baseline 0 -23"><span class='ocrx_word' id='word_1_28' title='bbox 125 829 289 892; x_wconf 75' lang='lat' dir='ltr'>carrailiam</span> <span class='ocrx_word' id='word_1_29' title='bbox 313 836 340 892; x_wconf 82' lang='lat' dir='ltr'>et</span> <span class='ocrx_word' id='word_1_30' title='bbox 366 851 427 893; x_wconf 81' lang='lat' dir='ltr'>aaa</span> <span class='ocrx_word' id='word_1_31' title='bbox 450 852 488 892; x_wconf 82' lang='lat' dir='ltr'>er</span> <span class='ocrx_word' id='word_1_32' title='bbox 512 852 567 910; x_wconf 77' lang='lat' dir='ltr'>irie,</span> <span class='ocrx_word' id='word_1_33' title='bbox 601 837 628 892; x_wconf 78' lang='lat' dir='ltr'>at</span> <span class='ocrx_word' id='word_1_34' title='bbox 652 830 839 894; x_wconf 79' lang='lat' dir='ltr'>ordiremini</span> <span class='ocrx_word' id='word_1_35' title='bbox 871 828 990 895; x_wconf 81' lang='lat' dir='ltr'>telamb</span> <span class='ocrx_word' id='word_1_36' title='bbox 1013 838 1041 894; x_wconf 88' lang='lat' dir='ltr'>et</span> <span class='ocrx_word' id='word_1_37' title='bbox 1066 853 1127 894; x_wconf 82' lang='lat' dir='ltr'>noa</span> <span class='ocrx_word' id='word_1_38' title='bbox 1147 833 1377 915; x_wconf 75' lang='lat' dir='ltr'>perspiritum</span> 
     </span>
     <span class='ocr_line' id='line_1_6' title="bbox 127 945 1379 1031; baseline 0 -24"><span class='ocrx_word' id='word_1_39' title='bbox 127 967 237 1018; x_wconf 73' lang='lat' dir='ltr'>arreum,</span> <span class='ocrx_word' id='word_1_40' title='bbox 271 951 305 1006; x_wconf 84' lang='lat' dir='ltr'>at</span> <span class='ocrx_word' id='word_1_41' title='bbox 337 945 491 1008; x_wconf 74' lang='lat' dir='ltr'><em>adderetis</em></span> <span class='ocrx_word' id='word_1_42' title='bbox 523 951 678 1028; x_wconf 83' lang='lat' dir='ltr'>peccatum</span> <span class='ocrx_word' id='word_1_43' title='bbox 703 966 797 1028; x_wconf 80' lang='lat' dir='ltr'>super·</span> <span class='ocrx_word' id='word_1_44' title='bbox 831 953 990 1029; x_wconf 65' lang='lat' dir='ltr'>[necatam</span> <span class='ocrx_word' id='word_1_45' title='bbox 1000 969 1013 1024; x_wconf 84' lang='lat'>,·</span> <span class='ocrx_word' id='word_1_46' title='bbox 1049 949 1104 1031; x_wconf 80' lang='lat' dir='ltr'>qai</span> <span class='ocrx_word' id='word_1_47' title='bbox 1133 945 1311 1026; x_wconf 75' lang='lat' dir='ltr'>(raabalatia,</span> <span class='ocrx_word' id='word_1_48' title='bbox 1348 953 1379 1008; x_wconf 86' lang='lat' dir='ltr'>nt</span> 
     </span>
     <span class='ocr_line' id='line_1_7' title="bbox 124 1059 1380 1145; baseline 0 -23"><span class='ocrx_word' id='word_1_49' title='bbox 124 1059 318 1122; x_wconf 72' lang='lat' dir='ltr'>descendatis</span> <span class='ocrx_word' id='word_1_50' title='bbox 350 1061 383 1122; x_wconf 88' lang='lat' dir='ltr'>in</span> <span class='ocrx_word' id='word_1_51' title='bbox 418 1059 577 1143; x_wconf 59' lang='lat' dir='ltr'>hiliptum,</span> <span class='ocrx_word' id='word_1_52' title='bbox 615 1067 643 1123; x_wconf 84' lang='lat' dir='ltr'>ei</span> <span class='ocrx_word' id='word_1_53' title='bbox 675 1081 708 1122; x_wconf 82' lang='lat' dir='ltr'>aa</span> <span class='ocrx_word' id='word_1_54' title='bbox 741 1082 840 1123; x_wconf 86' lang='lat' dir='ltr'>meum</span> <span class='ocrx_word' id='word_1_55' title='bbox 875 1083 935 1124; x_wconf 83' lang='lat' dir='ltr'>aaa</span> <span class='ocrx_word' id='word_1_56' title='bbox 961 1063 1189 1145; x_wconf 74' lang='lat' dir='ltr'>interropastis,</span> <span class='ocrx_word' id='word_1_57' title='bbox 1220 1068 1380 1138; x_wconf 72' lang='lat' dir='ltr'><strong><em>sperantes</em></strong></span> 
     </span>
     <span class='ocr_line' id='line_1_8' title="bbox 125 1173 1380 1257; baseline 0.002 -21"><span class='ocrx_word' id='word_1_58' title='bbox 125 1174 282 1236; x_wconf 79' lang='lat' dir='ltr'>auriliana</span> <span class='ocrx_word' id='word_1_59' title='bbox 308 1173 552 1255; x_wconf 68' lang='lat' dir='ltr'>infortitudine</span> <span class='ocrx_word' id='word_1_60' title='bbox 576 1175 765 1253; x_wconf 78' lang='lat' dir='ltr'><em>Pharaonis,</em></span> <span class='ocrx_word' id='word_1_61' title='bbox 794 1175 988 1239; x_wconf 76' lang='lat' dir='ltr'>attrahentes</span> <span class='ocrx_word' id='word_1_62' title='bbox 1017 1175 1168 1257; x_wconf 75' lang='lat' dir='ltr'>fiduciam</span> <span class='ocrx_word' id='word_1_63' title='bbox 1201 1177 1235 1238; x_wconf 82' lang='lat' dir='ltr'>ia</span> <span class='ocrx_word' id='word_1_64' title='bbox 1269 1175 1380 1238; x_wconf 78' lang='lat' dir='ltr'>arrrbra</span> 
     </span>
     <span class='ocr_line' id='line_1_9' title="bbox 128 1288 1380 1372; baseline 0.002 -19"><span class='ocrx_word' id='word_1_65' title='bbox 128 1290 246 1372; x_wconf 73' lang='lat' dir='ltr'>tiJipti‘</span> <span class='ocrx_word' id='word_1_66' title='bbox 261 1288 293 1371; x_wconf 84' lang='lat'>¹).</span> <span class='ocrx_word' id='word_1_67' title='bbox 346 1289 554 1371; x_wconf 76' lang='lat' dir='ltr'>Quapropter</span> <span class='ocrx_word' id='word_1_68' title='bbox 577 1290 611 1354; x_wconf 93' lang='lat' dir='ltr'>in</span> <span class='ocrx_word' id='word_1_69' title='bbox 634 1290 681 1354; x_wconf 90' lang='lat' dir='ltr'>eis</span> <span class='ocrx_word' id='word_1_70' title='bbox 704 1289 902 1372; x_wconf 86' lang='lat' dir='ltr'>completum</span> <span class='ocrx_word' id='word_1_71' title='bbox 936 1293 986 1355; x_wconf 90' lang='lat' dir='ltr'>est</span> <span class='ocrx_word' id='word_1_72' title='bbox 1016 1290 1103 1366; x_wconf 90' lang='lat' dir='ltr'>illud,</span> <span class='ocrx_word' id='word_1_73' title='bbox 1137 1291 1226 1372; x_wconf 92' lang='lat' dir='ltr'>quod</span> <span class='ocrx_word' id='word_1_74' title='bbox 1260 1291 1380 1356; x_wconf 87' lang='lat' dir='ltr'>ibidem</span> 
     </span>
     <span class='ocr_line' id='line_1_10' title="bbox 125 1402 1380 1485; baseline 0 -18"><span class='ocrx_word' id='word_1_75' title='bbox 125 1404 295 1467; x_wconf 78' lang='lat' dir='ltr'>subditur:</span> <span class='ocrx_word' id='word_1_76' title='bbox 324 1402 377 1482; x_wconf 81' lang='lat' dir='ltr'>,Et</span> <span class='ocrx_word' id='word_1_77' title='bbox 391 1405 450 1466; x_wconf 82' lang='lat' dir='ltr'>erit</span> <span class='ocrx_word' id='word_1_78' title='bbox 467 1403 548 1466; x_wconf 78' lang='lat' dir='ltr'>robis</span> <span class='ocrx_word' id='word_1_79' title='bbox 560 1403 717 1485; x_wconf 81' lang='lat' dir='ltr'>fortitudo</span> <span class='ocrx_word' id='word_1_80' title='bbox 732 1404 920 1483; x_wconf 76' lang='lat' dir='ltr'>Pharaonis,</span> <span class='ocrx_word' id='word_1_81' title='bbox 945 1403 1095 1468; x_wconf 87' lang='lat' dir='ltr'>videlicet</span> <span class='ocrx_word' id='word_1_82' title='bbox 1113 1405 1233 1479; x_wconf 90' lang='lat' dir='ltr'>Karoll,</span> <span class='ocrx_word' id='word_1_83' title='bbox 1254 1406 1287 1467; x_wconf 86' lang='lat' dir='ltr'>in</span> <span class='ocrx_word' id='word_1_84' title='bbox 1311 1426 1380 1468; x_wconf 86' lang='lat' dir='ltr'>con·</span> 
     </span>
     <span class='ocr_line' id='line_1_11' title="bbox 121 1518 1381 1602; baseline 0.001 -23"><span class='ocrx_word' id='word_1_85' title='bbox 121 1519 279 1600; x_wconf 76' lang='lat' dir='ltr'>fasianam</span> <span class='ocrx_word' id='word_1_86' title='bbox 304 1524 331 1580; x_wconf 87' lang='lat' dir='ltr'>et</span> <span class='ocrx_word' id='word_1_87' title='bbox 352 1518 469 1599; x_wconf 76' lang='lat' dir='ltr'>fiducia</span> <span class='ocrx_word' id='word_1_88' title='bbox 504 1518 635 1581; x_wconf 67' lang='lat' dir='ltr'>rimarer</span> <span class='ocrx_word' id='word_1_89' title='bbox 659 1518 777 1602; x_wconf 76' lang='lat' dir='ltr'>DJipti,</span> <span class='ocrx_word' id='word_1_90' title='bbox 810 1518 931 1584; x_wconf 88' lang='lat' dir='ltr'>scilicet</span> <span class='ocrx_word' id='word_1_91' title='bbox 959 1520 1052 1599; x_wconf 71' lang='lat' dir='ltr'>regui</span> <span class='ocrx_word' id='word_1_92' title='bbox 1075 1519 1193 1594; x_wconf 82' lang='lat' dir='ltr'>Sicilie,</span> <span class='ocrx_word' id='word_1_93' title='bbox 1226 1521 1260 1581; x_wconf 90' lang='lat' dir='ltr'>in</span> <span class='ocrx_word' id='word_1_94' title='bbox 1293 1521 1381 1601; x_wconf 75' lang='lat' dir='ltr'>ipae-</span> 
     </span>
     <span class='ocr_line' id='line_1_12' title="bbox 126 1633 1382 1715; baseline 0.002 -21"><span class='ocrx_word' id='word_1_95' title='bbox 126 1634 268 1695; x_wconf 78' lang='lat' dir='ltr'>niirriam‘</span> <span class='ocrx_word' id='word_1_96' title='bbox 283 1633 318 1715; x_wconf 85' lang='lat'>²),</span> <span class='ocrx_word' id='word_1_97' title='bbox 349 1633 427 1697; x_wconf 92' lang='lat' dir='ltr'>dum</span> <span class='ocrx_word' id='word_1_98' title='bbox 458 1638 495 1697; x_wconf 90' lang='lat' dir='ltr'>ut</span> <span class='ocrx_word' id='word_1_99' title='bbox 527 1633 574 1696; x_wconf 89' lang='lat' dir='ltr'>eis</span> <span class='ocrx_word' id='word_1_100' title='bbox 598 1653 657 1715; x_wconf 94' lang='lat' dir='ltr'>per</span> <span class='ocrx_word' id='word_1_101' title='bbox 679 1633 874 1715; x_wconf 90' lang='lat' dir='ltr'>prophetam</span> <span class='ocrx_word' id='word_1_102' title='bbox 908 1633 1030 1697; x_wconf 88' lang='lat' dir='ltr'>dictum</span> <span class='ocrx_word' id='word_1_103' title='bbox 1065 1637 1124 1711; x_wconf 90' lang='lat' dir='ltr'>est,</span> <span class='ocrx_word' id='word_1_104' title='bbox 1159 1634 1382 1715; x_wconf 80' lang='lat' dir='ltr'>migraverunt</span> 
     </span>
     <span class='ocr_line' id='line_1_13' title="bbox 126 1747 1381 1830; baseline 0.002 -21"><span class='ocrx_word' id='word_1_105' title='bbox 126 1748 158 1810; x_wconf 88' lang='lat' dir='ltr'>in</span> <span class='ocrx_word' id='word_1_106' title='bbox 192 1748 300 1828; x_wconf 87' lang='lat' dir='ltr'>capite</span> <span class='ocrx_word' id='word_1_107' title='bbox 333 1747 689 1830; x_wconf 54' lang='lat' dir='ltr'>transmigranciumb.</span> <span class='ocrx_word' id='word_1_108' title='bbox 746 1747 830 1810; x_wconf 89' lang='lat' dir='ltr'>Nam</span> <span class='ocrx_word' id='word_1_109' title='bbox 864 1747 962 1819; x_wconf 89' lang='lat' dir='ltr'>Deus,</span> <span class='ocrx_word' id='word_1_110' title='bbox 997 1748 1053 1829; x_wconf 93' lang='lat' dir='ltr'>qui</span> <span class='ocrx_word' id='word_1_111' title='bbox 1077 1748 1258 1824; x_wconf 89' lang='lat' dir='ltr'>consilium,</span> <span class='ocrx_word' id='word_1_112' title='bbox 1293 1747 1381 1829; x_wconf 92' lang='lat' dir='ltr'>quod</span> 
     </span>
     <span class='ocr_line' id='line_1_14' title="bbox 125 1862 1382 1944; baseline 0.001 -19"><span class='ocrx_word' id='word_1_113' title='bbox 125 1862 323 1944; x_wconf 81' lang='lat' dir='ltr'>Acbitoplrel</span> <span class='ocrx_word' id='word_1_114' title='bbox 349 1866 463 1926; x_wconf 89' lang='lat' dir='ltr'>contra</span> <span class='ocrx_word' id='word_1_115' title='bbox 482 1862 587 1926; x_wconf 85' lang='lat' dir='ltr'>David</span> <span class='ocrx_word' id='word_1_116' title='bbox 611 1862 769 1926; x_wconf 88' lang='lat' dir='ltr'>christum</span> <span class='ocrx_word' id='word_1_117' title='bbox 794 1862 924 1925; x_wconf 89' lang='lat' dir='ltr'>Domini</span> <span class='ocrx_word' id='word_1_118' title='bbox 939 1862 1039 1938; x_wconf 88' lang='lat' dir='ltr'>dedit,</span> <span class='ocrx_word' id='word_1_119' title='bbox 1058 1862 1158 1926; x_wconf 85' lang='lat' dir='ltr'>Cbusi</span> <span class='ocrx_word' id='word_1_120' title='bbox 1175 1863 1382 1928; x_wconf 70' lang='lat' dir='ltr'>ministrante</span> 
     </span>
     <span class='ocr_line' id='line_1_15' title="bbox 126 1975 1381 2058; baseline 0.001 -19"><span class='ocrx_word' id='word_1_121' title='bbox 126 1976 279 2041; x_wconf 77' lang='lat' dir='ltr'>infatuari</span> <span class='ocrx_word' id='word_1_122' title='bbox 322 1975 470 2057; x_wconf 65' lang='lat' dir='ltr'>vomitu,</span> <span class='ocrx_word' id='word_1_123' title='bbox 512 1976 693 2057; x_wconf 86' lang='lat' dir='ltr'>predictam</span> <span class='ocrx_word' id='word_1_124' title='bbox 736 1976 1015 2058; x_wconf 83' lang='lat' dir='ltr'>conspiracionem</span> <span class='ocrx_word' id='word_1_125' title='bbox 1059 1981 1173 2040; x_wconf 89' lang='lat' dir='ltr'>contra</span> <span class='ocrx_word' id='word_1_126' title='bbox 1211 1976 1381 2040; x_wconf 91' lang='lat' dir='ltr'>Urbanum</span> 
     </span>
     <span class='ocr_line' id='line_1_16' title="bbox 125 2090 1383 2172; baseline -0.001 -17"><span class='ocrx_word' id='word_1_127' title='bbox 125 2110 246 2172; x_wconf 89' lang='lat' dir='ltr'>papam</span> <span class='ocrx_word' id='word_1_128' title='bbox 272 2091 390 2155; x_wconf 83' lang='lat' dir='ltr'>iactam</span> <span class='ocrx_word' id='word_1_129' title='bbox 416 2091 528 2154; x_wconf 90' lang='lat' dir='ltr'>volens</span> <span class='ocrx_word' id='word_1_130' title='bbox 552 2091 698 2154; x_wconf 84' lang='lat' dir='ltr'>frustrari</span> <span class='ocrx_word' id='word_1_131' title='bbox 723 2090 893 2171; x_wconf 82' lang='lat' dir='ltr'>disposuit,</span> <span class='ocrx_word' id='word_1_132' title='bbox 929 2090 1176 2171; x_wconf 88' lang='lat' dir='ltr'>quodquidam</span> <span class='ocrx_word' id='word_1_133' title='bbox 1201 2091 1242 2154; x_wconf 92' lang='lat' dir='ltr'>de</span> <span class='ocrx_word' id='word_1_134' title='bbox 1267 2091 1383 2155; x_wconf 90' lang='lat' dir='ltr'>ceteris</span> 
     </span>
     <span class='ocr_line' id='line_1_17' title="bbox 124 2201 1381 2287; baseline -0.002 -17"><span class='ocrx_word' id='word_1_135' title='bbox 124 2205 345 2270; x_wconf 83' lang='lat' dir='ltr'>cardinalibus</span> <span class='ocrx_word' id='word_1_136' title='bbox 370 2205 400 2268; x_wconf 93' lang='lat' dir='ltr'>in</span> <span class='ocrx_word' id='word_1_137' title='bbox 425 2205 705 2287; x_wconf 86' lang='lat' dir='ltr'>conspiracionem</span> <span class='ocrx_word' id='word_1_138' title='bbox 739 2205 925 2269; x_wconf 89' lang='lat' dir='ltr'>huiusmodi</span> <span class='ocrx_word' id='word_1_139' title='bbox 958 2206 1142 2270; x_wconf 88' lang='lat' dir='ltr'>consentire</span> <span class='ocrx_word' id='word_1_140' title='bbox 1175 2201 1381 2287; x_wconf 78' lang='lat' dir='ltr'>temptatusd</span> 
     </span>
    </p>
   </div>
   <div class='ocr_carea' id='block_1_3' title="bbox 125 2319 1383 2506">
    <p class='ocr_par' dir='ltr' id='par_1_3' title="bbox 125 2319 1383 2506">
     <span class='ocr_line' id='line_1_18' title="bbox 125 2319 1383 2401; baseline 0 -17"><span class='ocrx_word' id='word_1_141' title='bbox 125 2319 291 2401; x_wconf 85' lang='lat' dir='ltr'>quendam</span> <span class='ocrx_word' id='word_1_142' title='bbox 316 2319 526 2384; x_wconf 85' lang='lat' dir='ltr'>secretarium</span> <span class='ocrx_word' id='word_1_143' title='bbox 551 2340 648 2384; x_wconf 90' lang='lat' dir='ltr'>suum</span> <span class='ocrx_word' id='word_1_144' title='bbox 672 2339 770 2400; x_wconf 91' lang='lat' dir='ltr'>super</span> <span class='ocrx_word' id='word_1_145' title='bbox 800 2319 861 2383; x_wconf 87' lang='lat' dir='ltr'>boc</span> <span class='ocrx_word' id='word_1_146' title='bbox 894 2323 989 2384; x_wconf 88' lang='lat' dir='ltr'>caute</span> <span class='ocrx_word' id='word_1_147' title='bbox 1022 2319 1202 2394; x_wconf 82' lang='lat' dir='ltr'>consuluit3</span> <span class='ocrx_word' id='word_1_148' title='bbox 1237 2320 1292 2401; x_wconf 92' lang='lat' dir='ltr'>qui</span> <span class='ocrx_word' id='word_1_149' title='bbox 1325 2338 1383 2384; x_wconf 87' lang='lat' dir='ltr'>uc·</span> 
     </span>
     <span class='ocr_line' id='line_1_19' title="bbox 125 2425 1382 2506; baseline 0.001 -18"><span class='ocrx_word' id='word_1_150' title='bbox 125 2427 232 2489; x_wconf 87' lang='lat' dir='ltr'>sciens</span> <span class='ocrx_word' id='word_1_151' title='bbox 256 2446 290 2489; x_wconf 89' lang='lat' dir='ltr'>se</span> <span class='ocrx_word' id='word_1_152' title='bbox 315 2425 345 2488; x_wconf 91' lang='lat' dir='ltr'>in</span> <span class='ocrx_word' id='word_1_153' title='bbox 371 2425 433 2490; x_wconf 87' lang='lat' dir='ltr'>hoc</span> <span class='ocrx_word' id='word_1_154' title='bbox 466 2427 552 2490; x_wconf 85' lang='lat' dir='ltr'>iacto</span> <span class='ocrx_word' id='word_1_155' title='bbox 579 2426 723 2489; x_wconf 88' lang='lat' dir='ltr'>horribili</span> <span class='ocrx_word' id='word_1_156' title='bbox 758 2426 921 2506; x_wconf 86' lang='lat' dir='ltr'>expedire,</span> <span class='ocrx_word' id='word_1_157' title='bbox 954 2425 1087 2489; x_wconf 92' lang='lat' dir='ltr'>domiuo</span> <span class='ocrx_word' id='word_1_158' title='bbox 1121 2445 1181 2489; x_wconf 92' lang='lat' dir='ltr'>suo</span> <span class='ocrx_word' id='word_1_159' title='bbox 1214 2425 1382 2504; x_wconf 87' lang='lat' dir='ltr'>cardinali,</span> 
     </span>
    </p>
   </div>
   <div class='ocr_carea' id='block_1_4' title="bbox 122 2541 1570 3873">
    <p class='ocr_par' dir='ltr' id='par_1_4' title="bbox 124 2541 1384 3311">
     <span class='ocr_line' id='line_1_20' title="bbox 126 2541 1381 2622; baseline -0.004 -17"><span class='ocrx_word' id='word_1_160' title='bbox 126 2546 164 2605; x_wconf 92' lang='lat' dir='ltr'>ut</span> <span class='ocrx_word' id='word_1_161' title='bbox 186 2541 286 2605; x_wconf 88' lang='lat' dir='ltr'>alium</span> <span class='ocrx_word' id='word_1_162' title='bbox 311 2541 475 2622; x_wconf 87' lang='lat' dir='ltr'>quendam</span> <span class='ocrx_word' id='word_1_163' title='bbox 502 2541 606 2604; x_wconf 84' lang='lat' dir='ltr'>virum</span> <span class='ocrx_word' id='word_1_164' title='bbox 631 2541 809 2605; x_wconf 88' lang='lat' dir='ltr'>litteratum</span> <span class='ocrx_word' id='word_1_165' title='bbox 834 2541 1028 2616; x_wconf 83' lang='lat' dir='ltr'>consuleret,</span> <span class='ocrx_word' id='word_1_166' title='bbox 1062 2541 1211 2622; x_wconf 91' lang='lat' dir='ltr'>protinus</span> <span class='ocrx_word' id='word_1_167' title='bbox 1240 2542 1381 2604; x_wconf 61' lang='lat' dir='ltr'>suasus.</span> 
     </span>
     <span class='ocr_line' id='line_1_21' title="bbox 125 2654 1383 2736; baseline -0.002 -16"><span class='ocrx_word' id='word_1_168' title='bbox 125 2656 186 2720; x_wconf 88' lang='lat' dir='ltr'>Cui</span> <span class='ocrx_word' id='word_1_169' title='bbox 211 2675 284 2719; x_wconf 88' lang='lat' dir='ltr'>cum</span> <span class='ocrx_word' id='word_1_170' title='bbox 309 2656 484 2720; x_wconf 87' lang='lat' dir='ltr'>cardinalis</span> <span class='ocrx_word' id='word_1_171' title='bbox 507 2655 694 2719; x_wconf 89' lang='lat' dir='ltr'>huiusmodi</span> <span class='ocrx_word' id='word_1_172' title='bbox 718 2656 996 2736; x_wconf 87' lang='lat' dir='ltr'>conspiracionem</span> <span class='ocrx_word' id='word_1_173' title='bbox 1022 2655 1155 2731; x_wconf 81' lang='lat' dir='ltr'>detexit,</span> <span class='ocrx_word' id='word_1_174' title='bbox 1180 2654 1231 2719; x_wconf 92' lang='lat' dir='ltr'>ille</span> <span class='ocrx_word' id='word_1_175' title='bbox 1250 2659 1383 2719; x_wconf 90' lang='lat' dir='ltr'>coutur-</span> 
     </span>
     <span class='ocr_line' id='line_1_22' title="bbox 125 2769 1384 2852; baseline -0.002 -18"><span class='ocrx_word' id='word_1_176' title='bbox 125 2771 225 2834; x_wconf 88' lang='lat' dir='ltr'>bntus</span> <span class='ocrx_word' id='word_1_177' title='bbox 248 2769 426 2852; x_wconf 88' lang='lat' dir='ltr'>respondit,</span> <span class='ocrx_word' id='word_1_178' title='bbox 460 2770 556 2834; x_wconf 87' lang='lat' dir='ltr'>nichil</span> <span class='ocrx_word' id='word_1_179' title='bbox 582 2790 652 2834; x_wconf 88' lang='lat' dir='ltr'>esse</span> <span class='ocrx_word' id='word_1_180' title='bbox 677 2770 839 2834; x_wconf 90' lang='lat' dir='ltr'>salubrius</span> <span class='ocrx_word' id='word_1_181' title='bbox 863 2790 961 2851; x_wconf 90' lang='lat' dir='ltr'>quam</span> <span class='ocrx_word' id='word_1_182' title='bbox 987 2788 1073 2851; x_wconf 91' lang='lat' dir='ltr'>pape</span> <span class='ocrx_word' id='word_1_183' title='bbox 1106 2769 1184 2833; x_wconf 88' lang='lat' dir='ltr'>illud</span> <span class='ocrx_word' id='word_1_184' title='bbox 1208 2769 1278 2834; x_wconf 88' lang='lat' dir='ltr'>sine</span> <span class='ocrx_word' id='word_1_185' title='bbox 1301 2769 1384 2833; x_wconf 92' lang='lat' dir='ltr'>dila·</span> 
     </span>
     <span class='ocr_line' id='line_1_23' title="bbox 125 2884 1383 2965; baseline -0.002 -16"><span class='ocrx_word' id='word_1_186' title='bbox 125 2886 221 2949; x_wconf 88' lang='lat' dir='ltr'>cione</span> <span class='ocrx_word' id='word_1_187' title='bbox 244 2885 391 2949; x_wconf 88' lang='lat' dir='ltr'>revelari.</span> <span class='ocrx_word' id='word_1_188' title='bbox 438 2884 620 2950; x_wconf 83' lang='lat' dir='ltr'>Cardinalis</span> <span class='ocrx_word' id='word_1_189' title='bbox 644 2885 741 2963; x_wconf 82' lang='lat' dir='ltr'>igitur</span> <span class='ocrx_word' id='word_1_190' title='bbox 765 2886 893 2960; x_wconf 92' lang='lat' dir='ltr'>timens,</span> <span class='ocrx_word' id='word_1_191' title='bbox 927 2903 968 2947; x_wconf 90' lang='lat' dir='ltr'>ne</span> <span class='ocrx_word' id='word_1_192' title='bbox 1002 2885 1084 2947; x_wconf 85' lang='lat' dir='ltr'>torte</span> <span class='ocrx_word' id='word_1_193' title='bbox 1108 2885 1282 2965; x_wconf 88' lang='lat' dir='ltr'>quisquam</span> <span class='ocrx_word' id='word_1_194' title='bbox 1308 2904 1383 2949; x_wconf 88' lang='lat' dir='ltr'>eum</span> 
     </span>
     <span class='ocr_line' id='line_1_24' title="bbox 125 2997 1384 3081; baseline -0.002 -17"><span class='ocrx_word' id='word_1_195' title='bbox 125 3002 160 3064; x_wconf 91' lang='lat' dir='ltr'>in</span> <span class='ocrx_word' id='word_1_196' title='bbox 185 3000 247 3064; x_wconf 90' lang='lat' dir='ltr'>boc</span> <span class='ocrx_word' id='word_1_197' title='bbox 280 3001 475 3080; x_wconf 79' lang='lat' dir='ltr'>preveniret,</span> <span class='ocrx_word' id='word_1_198' title='bbox 506 2998 560 3063; x_wconf 62' lang='lat' dir='ltr'>ets</span> <span class='ocrx_word' id='word_1_199' title='bbox 594 3001 662 3081; x_wconf 91' lang='lat' dir='ltr'>ipse</span> <span class='ocrx_word' id='word_1_200' title='bbox 696 2998 949 3080; x_wconf 87' lang='lat' dir='ltr'>conspiracionis</span> <span class='ocrx_word' id='word_1_201' title='bbox 988 2997 1072 3061; x_wconf 90' lang='lat' dir='ltr'>illius</span> <span class='ocrx_word' id='word_1_202' title='bbox 1104 3018 1179 3063; x_wconf 89' lang='lat' dir='ltr'>rcus</span> <span class='ocrx_word' id='word_1_203' title='bbox 1211 2999 1384 3075; x_wconf 82' lang='lat' dir='ltr'>diceretur,</span> 
     </span>
     <span class='ocr_line' id='line_1_25' title="bbox 124 3112 1383 3196; baseline -0.002 -18"><span class='ocrx_word' id='word_1_204' title='bbox 124 3115 168 3178; x_wconf 89' lang='lat' dir='ltr'>ad</span> <span class='ocrx_word' id='word_1_205' title='bbox 203 3115 404 3196; x_wconf 85' lang='lat' dir='ltr'>presenciam</span> <span class='ocrx_word' id='word_1_206' title='bbox 438 3135 524 3196; x_wconf 88' lang='lat' dir='ltr'>pape</span> <span class='ocrx_word' id='word_1_207' title='bbox 556 3135 590 3178; x_wconf 84' lang='lat' dir='ltr'>se</span> <span class='ocrx_word' id='word_1_208' title='bbox 628 3116 764 3178; x_wconf 89' lang='lat' dir='ltr'>contulit</span> <span class='ocrx_word' id='word_1_209' title='bbox 797 3118 828 3176; x_wconf 91' lang='lat' dir='ltr'>et</span> <span class='ocrx_word' id='word_1_210' title='bbox 864 3112 922 3176; x_wconf 80' lang='lat' dir='ltr'>lrec</span> <span class='ocrx_word' id='word_1_211' title='bbox 946 3115 1057 3176; x_wconf 89' lang='lat' dir='ltr'>omnin</span> <span class='ocrx_word' id='word_1_212' title='bbox 1082 3113 1110 3177; x_wconf 89' lang='lat' dir='ltr'>ei</span> <span class='ocrx_word' id='word_1_213' title='bbox 1143 3133 1202 3194; x_wconf 90' lang='lat' dir='ltr'>per</span> <span class='ocrx_word' id='word_1_214' title='bbox 1235 3114 1383 3177; x_wconf 87' lang='lat' dir='ltr'>ordinem</span> 
     </span>
     <span class='ocr_line' id='line_1_26' title="bbox 126 3231 326 3311; baseline 0.005 -18"><span class='ocrx_word' id='word_1_215' title='bbox 126 3231 278 3294; x_wconf 84' lang='lat' dir='ltr'>recitavit</span> <span class='ocrx_word' id='word_1_216' title='bbox 291 3234 326 3311; x_wconf 71' lang='lat'>³¹).</span> 
     </span>
    </p>

    <p class='ocr_par' dir='ltr' id='par_1_5' title="bbox 122 3343 1570 3873">
     <span class='ocr_line' id='line_1_27' title="bbox 235 3343 1380 3425; baseline -0.003 -17"><span class='ocrx_word' id='word_1_217' title='bbox 235 3344 325 3425; x_wconf 89' lang='lat' dir='ltr'>Papa</span> <span class='ocrx_word' id='word_1_218' title='bbox 350 3345 447 3424; x_wconf 78' lang='lat' dir='ltr'>igitur</span> <span class='ocrx_word' id='word_1_219' title='bbox 471 3344 528 3408; x_wconf 85' lang='lat' dir='ltr'>bec</span> <span class='ocrx_word' id='word_1_220' title='bbox 553 3343 689 3407; x_wconf 87' lang='lat' dir='ltr'>audiens</span> <span class='ocrx_word' id='word_1_221' title='bbox 713 3363 778 3406; x_wconf 90' lang='lat' dir='ltr'>nou</span> <span class='ocrx_word' id='word_1_222' title='bbox 803 3343 954 3407; x_wconf 89' lang='lat' dir='ltr'>inmerito</span> <span class='ocrx_word' id='word_1_223' title='bbox 972 3344 1175 3423; x_wconf 79' lang='lat' dir='ltr'>stupetactus</span> <span class='ocrx_word' id='word_1_224' title='bbox 1199 3343 1380 3405; x_wconf 89' lang='lat' dir='ltr'>remedium</span> 
     </span>
     <span class='ocr_line' id='line_1_28' title="bbox 124 3457 1570 3540; baseline 0.001 -16"><span class='ocrx_word' id='word_1_225' title='bbox 124 3458 283 3538; x_wconf 79' lang='lat' dir='ltr'>cogitavit</span> <span class='ocrx_word' id='word_1_226' title='bbox 307 3478 483 3540; x_wconf 86' lang='lat' dir='ltr'>apponere.</span> <span class='ocrx_word' id='word_1_227' title='bbox 517 3459 666 3539; x_wconf 89' lang='lat' dir='ltr'>Cumque</span> <span class='ocrx_word' id='word_1_228' title='bbox 691 3458 769 3520; x_wconf 66' lang='lat' dir='ltr'>diess</span> <span class='ocrx_word' id='word_1_229' title='bbox 796 3458 1021 3538; x_wconf 73' lang='lat' dir='ltr'>Venerisque</span> <span class='ocrx_word' id='word_1_230' title='bbox 1041 3462 1117 3521; x_wconf 86' lang='lat' dir='ltr'>tunc</span> <span class='ocrx_word' id='word_1_231' title='bbox 1136 3457 1264 3521; x_wconf 85' lang='lat' dir='ltr'>decima</span> <span class='ocrx_word' id='word_1_232' title='bbox 1283 3457 1384 3521; x_wconf 88' lang='lat' dir='ltr'>tercia</span> <span class='ocrx_word' id='word_1_233' title='bbox 1401 3487 1453 3526; x_wconf 74' lang='lat' dir='ltr'>aas</span> <span class='ocrx_word' id='word_1_234' title='bbox 1466 3483 1570 3526; x_wconf 61' lang='lat' dir='ltr'>ranna.</span> 
     </span>
     <span class='ocr_line' id='line_1_29' title="bbox 122 3571 1384 3652; baseline 0.001 -19"><span class='ocrx_word' id='word_1_235' title='bbox 122 3573 198 3636; x_wconf 75' lang='lat' dir='ltr'>dics</span> <span class='ocrx_word' id='word_1_236' title='bbox 222 3573 342 3636; x_wconf 88' lang='lat' dir='ltr'>mensis</span> <span class='ocrx_word' id='word_1_237' title='bbox 368 3573 505 3637; x_wconf 88' lang='lat' dir='ltr'>lanuarii</span> <span class='ocrx_word' id='word_1_238' title='bbox 531 3574 638 3636; x_wconf 84' lang='lat' dir='ltr'>lutura</span> <span class='ocrx_word' id='word_1_239' title='bbox 663 3573 777 3645; x_wconf 86' lang='lat' dir='ltr'>tuerat,</span> <span class='ocrx_word' id='word_1_240' title='bbox 798 3571 884 3633; x_wconf 89' lang='lat' dir='ltr'>istud</span> <span class='ocrx_word' id='word_1_241' title='bbox 904 3572 993 3634; x_wconf 86' lang='lat' dir='ltr'>iuxta</span> <span class='ocrx_word' id='word_1_242' title='bbox 1019 3571 1281 3652; x_wconf 87' lang='lat' dir='ltr'>conspiratorum</span> <span class='ocrx_word' id='word_1_243' title='bbox 1306 3590 1384 3634; x_wconf 88' lang='lat' dir='ltr'>con·</span> 
     </span>
     <span class='ocr_line' id='line_1_30' title="bbox 122 3686 1385 3770; baseline -0.002 -19"><span class='ocrx_word' id='word_1_244' title='bbox 122 3687 251 3751; x_wconf 91' lang='lat' dir='ltr'>dictum</span> <span class='ocrx_word' id='word_1_245' title='bbox 276 3688 386 3768; x_wconf 81' lang='lat' dir='ltr'>perfici</span> <span class='ocrx_word' id='word_1_246' title='bbox 406 3688 575 3763; x_wconf 85' lang='lat' dir='ltr'>debuerat,</span> <span class='ocrx_word' id='word_1_247' title='bbox 599 3707 685 3770; x_wconf 89' lang='lat' dir='ltr'>papa</span> <span class='ocrx_word' id='word_1_248' title='bbox 719 3688 771 3751; x_wconf 93' lang='lat' dir='ltr'>die</span> <span class='ocrx_word' id='word_1_249' title='bbox 795 3686 943 3750; x_wconf 84' lang='lat' dir='ltr'>Mercurii</span> <span class='ocrx_word' id='word_1_250' title='bbox 977 3686 1182 3767; x_wconf 87' lang='lat' dir='ltr'>precedente,</span> <span class='ocrx_word' id='word_1_251' title='bbox 1216 3705 1280 3766; x_wconf 90' lang='lat' dir='ltr'>que</span> <span class='ocrx_word' id='word_1_252' title='bbox 1314 3690 1385 3748; x_wconf 87' lang='lat' dir='ltr'>erat</span> 
     </span>
     <span class='ocr_line' id='line_1_31' title="bbox 122 3800 1504 3873; baseline -0.004 -8"><span class='ocrx_word' id='word_1_253' title='bbox 122 3802 301 3866; x_wconf 84' lang='lat' dir='ltr'>undecima</span> <span class='ocrx_word' id='word_1_254' title='bbox 325 3803 469 3867; x_wconf 84' lang='lat' dir='ltr'>eiusdem</span> <span class='ocrx_word' id='word_1_255' title='bbox 496 3805 614 3867; x_wconf 86' lang='lat' dir='ltr'>mensis</span> <span class='ocrx_word' id='word_1_256' title='bbox 640 3803 786 3866; x_wconf 85' lang='lat' dir='ltr'>videlicet</span> <span class='ocrx_word' id='word_1_257' title='bbox 810 3802 886 3866; x_wconf 90' lang='lat' dir='ltr'>anni</span> <span class='ocrx_word' id='word_1_258' title='bbox 917 3801 1096 3864; x_wconf 89' lang='lat' dir='ltr'>nativitatis</span> <span class='ocrx_word' id='word_1_259' title='bbox 1120 3800 1249 3863; x_wconf 89' lang='lat' dir='ltr'>Domini</span> <span class='ocrx_word' id='word_1_260' title='bbox 1289 3802 1383 3873; x_wconf 68' lang='lat' dir='ltr'>lasa,</span> <span class='ocrx_word' id='word_1_261' title='bbox 1398 3821 1458 3862; x_wconf 69' lang='lat' dir='ltr'>ran.</span> <span class='ocrx_word' id='word_1_262' title='bbox 1475 3824 1504 3861; x_wconf 89' lang='lat' dir='ltr'>u.</span> 
     </span>
    </p>
   </div>
   <div class='ocr_carea' id='block_1_5' title="bbox 127 3942 422 3951">
    <p class='ocr_par' dir='ltr' id='par_1_6' title="bbox 127 3942 422 3951">
     <span class='ocr_line' id='line_1_32' title="bbox 127 3942 422 3951; baseline -0.014 0"><span class='ocrx_word' id='word_1_263' title='bbox 127 3942 339 3951; x_wconf 74' lang='lat'>...—------.-</span> <span class='ocrx_word' id='word_1_264' title='bbox 353 3944 370 3949; x_wconf 70' lang='grc'>-</span> <span class='ocrx_word' id='word_1_265' title='bbox 419 3945 422 3948; x_wconf 89' lang='grc'><strong>,</strong></span> 
     </span>
    </p>
   </div>
   <div class='ocr_carea' id='block_1_6' title="bbox 118 4015 1386 4264">
    <p class='ocr_par' dir='ltr' id='par_1_7' title="bbox 118 4015 1386 4264">
     <span class='ocr_line' id='line_1_33' title="bbox 219 4015 1386 4082; baseline -0.003 -14"><span class='ocrx_word' id='word_1_266' title='bbox 219 4030 234 4058; x_wconf 63' lang='grc' dir='ltr'><strong><em>ἢ</em></strong></span> <span class='ocrx_word' id='word_1_267' title='bbox 254 4036 284 4068; x_wconf 78' lang='lat' dir='ltr'>an</span> <span class='ocrx_word' id='word_1_268' title='bbox 303 4020 357 4069; x_wconf 75' lang='lat' dir='ltr'>nlla</span> <span class='ocrx_word' id='word_1_269' title='bbox 378 4020 613 4082; x_wconf 77' lang='lat' dir='ltr'>llaadsrlrristrn,·</span> <span class='ocrx_word' id='word_1_270' title='bbox 638 4022 672 4070; x_wconf 87' lang='lat' dir='ltr'>im</span> <span class='ocrx_word' id='word_1_271' title='bbox 693 4016 785 4070; x_wconf 83' lang='lat' dir='ltr'>Druck</span> <span class='ocrx_word' id='word_1_272' title='bbox 806 4036 852 4068; x_wconf 83' lang='lat' dir='ltr'>ran</span> <span class='ocrx_word' id='word_1_273' title='bbox 875 4016 985 4068; x_wconf 67' lang='lat' dir='ltr'>,licitam</span> <span class='ocrx_word' id='word_1_274' title='bbox 1013 4017 1064 4066; x_wconf 77' lang='lat' dir='ltr'>dan</span> <span class='ocrx_word' id='word_1_275' title='bbox 1093 4016 1206 4081; x_wconf 74' lang='lat' dir='ltr'>richtiqr</span> <span class='ocrx_word' id='word_1_276' title='bbox 1225 4015 1312 4068; x_wconf 78' lang='lat' dir='ltr'>lesaie</span> <span class='ocrx_word' id='word_1_277' title='bbox 1331 4019 1386 4065; x_wconf 78' lang='lat' dir='ltr'>cia·</span> 
     </span>
     <span class='ocr_line' id='line_1_34' title="bbox 118 4102 1386 4176; baseline -0.005 -16"><span class='ocrx_word' id='word_1_278' title='bbox 118 4115 231 4176; x_wconf 67' lang='lat' dir='ltr'>practer.</span> <span class='ocrx_word' id='word_1_279' title='bbox 306 4104 444 4160; x_wconf 83' lang='lat' dir='ltr'>bcelatus</span> <span class='ocrx_word' id='word_1_280' title='bbox 464 4105 528 4160; x_wconf 86' lang='lat' dir='ltr'>Pad.</span> <span class='ocrx_word' id='word_1_281' title='bbox 603 4118 615 4143; x_wconf 74' lang='lat'><strong>⁰</strong></span> <span class='ocrx_word' id='word_1_282' title='bbox 642 4105 737 4159; x_wconf 88' lang='lat' dir='ltr'>umbra</span> <span class='ocrx_word' id='word_1_283' title='bbox 763 4106 824 4158; x_wconf 88' lang='lat' dir='ltr'>Par.</span> <span class='ocrx_word' id='word_1_284' title='bbox 898 4102 913 4143; x_wconf 76' lang='lat'>¹¹</span> <span class='ocrx_word' id='word_1_285' title='bbox 933 4107 1072 4172; x_wconf 81' lang='lat' dir='ltr'>temptans</span> <span class='ocrx_word' id='word_1_286' title='bbox 1099 4122 1141 4153; x_wconf 76' lang='lat' dir='ltr'>arn</span> <span class='ocrx_word' id='word_1_287' title='bbox 1174 4105 1267 4155; x_wconf 74' lang='lat' dir='ltr'>anlr</span> <span class='ocrx_word' id='word_1_288' title='bbox 1293 4109 1386 4170; x_wconf 63' lang='lat' dir='ltr'>,opiter</span> 
     </span>
     <span class='ocr_line' id='line_1_35' title="bbox 123 4190 1384 4264; baseline -0.005 -15"><span class='ocrx_word' id='word_1_289' title='bbox 123 4197 273 4249; x_wconf 66' lang='lat' dir='ltr'>verberam</span> <span class='ocrx_word' id='word_1_290' title='bbox 295 4200 321 4246; x_wconf 79' lang='lat' dir='ltr'>r&#39;u</span> <span class='ocrx_word' id='word_1_291' title='bbox 341 4198 490 4264; x_wconf 80' lang='lat' dir='ltr'>temptatus</span> <span class='ocrx_word' id='word_1_292' title='bbox 510 4194 584 4247; x_wconf 76' lang='lat' dir='ltr'>Cass.</span> <span class='ocrx_word' id='word_1_293' title='bbox 659 4206 672 4232; x_wconf 72' lang='grc' dir='ltr'><strong>θ</strong></span> <span class='ocrx_word' id='word_1_294' title='bbox 695 4210 744 4247; x_wconf 84' lang='lat' dir='ltr'>sua</span> <span class='ocrx_word' id='word_1_295' title='bbox 762 4193 854 4246; x_wconf 82' lang='lat' dir='ltr'>suavit</span> <span class='ocrx_word' id='word_1_296' title='bbox 873 4192 938 4247; x_wconf 90' lang='lat' dir='ltr'>Pad.</span> <span class='ocrx_word' id='word_1_297' title='bbox 1012 4192 1020 4230; x_wconf 81' lang='lat'><strong>¹</strong></span> <span class='ocrx_word' id='word_1_298' title='bbox 1050 4196 1080 4244; x_wconf 89' lang='lat' dir='ltr'>ut</span> <span class='ocrx_word' id='word_1_299' title='bbox 1099 4190 1127 4243; x_wconf 81' lang='lat' dir='ltr'>L.</span> <span class='ocrx_word' id='word_1_300' title='bbox 1210 4191 1304 4243; x_wconf 75' lang='lat' dir='ltr'>adies</span> <span class='ocrx_word' id='word_1_301' title='bbox 1324 4191 1384 4244; x_wconf 84' lang='lat' dir='ltr'>Par.</span> 
     </span>
    </p>
   </div>
   <div class='ocr_carea' id='block_1_7' title="bbox 121 4387 1383 4639">
    <p class='ocr_par' dir='ltr' id='par_1_8' title="bbox 121 4387 1383 4639">
     <span class='ocr_line' id='line_1_36' title="bbox 222 4387 1381 4458; baseline -0.008 -10"><span class='ocrx_word' id='word_1_302' title='bbox 222 4393 240 4451; x_wconf 82' lang='lat' dir='ltr'>&#39;l</span> <span class='ocrx_word' id='word_1_303' title='bbox 260 4392 491 4455; x_wconf 69' lang='lat' dir='ltr'>transui-2.</span> <span class='ocrx_word' id='word_1_304' title='bbox 515 4426 544 4431; x_wconf 95' lang='lat'><strong>—</strong></span> <span class='ocrx_word' id='word_1_305' title='bbox 563 4392 582 4458; x_wconf 68' lang='lat' dir='ltr'>a)</span> <span class='ocrx_word' id='word_1_306' title='bbox 600 4391 684 4445; x_wconf 85' lang='lat' dir='ltr'>isaias</span> <span class='ocrx_word' id='word_1_307' title='bbox 699 4390 777 4457; x_wconf 83' lang='grc'><strong>30,3.</strong></span> <span class='ocrx_word' id='word_1_308' title='bbox 795 4420 826 4428; x_wconf 88' lang='lat'>-</span> <span class='ocrx_word' id='word_1_309' title='bbox 844 4392 863 4456; x_wconf 71' lang='lat'>³)</span> <span class='ocrx_word' id='word_1_310' title='bbox 885 4391 966 4443; x_wconf 78' lang='lat' dir='ltr'>Arnas</span> <span class='ocrx_word' id='word_1_311' title='bbox 985 4390 1010 4454; x_wconf 80' lang='lat'>6,</span> <span class='ocrx_word' id='word_1_312' title='bbox 1031 4389 1055 4444; x_wconf 77' lang='grc'>7.</span> <span class='ocrx_word' id='word_1_313' title='bbox 1079 4421 1105 4427; x_wconf 95' lang='grc'>--</span> <span class='ocrx_word' id='word_1_314' title='bbox 1130 4388 1188 4452; x_wconf 75' lang='lat'>¹)2.</span> <span class='ocrx_word' id='word_1_315' title='bbox 1203 4387 1274 4441; x_wconf 86' lang='lat' dir='ltr'>Sam.</span> <span class='ocrx_word' id='word_1_316' title='bbox 1294 4388 1333 4440; x_wconf 70' lang='lat'>12.</span> <span class='ocrx_word' id='word_1_317' title='bbox 1359 4416 1381 4423; x_wconf 84' lang='lat'>--</span> 
     </span>
     <span class='ocr_line' id='line_1_37' title="bbox 124 4475 1383 4550; baseline -0.007 -13"><span class='ocrx_word' id='word_1_318' title='bbox 124 4484 146 4550; x_wconf 70' lang='lat'>³)</span> <span class='ocrx_word' id='word_1_319' title='bbox 170 4483 247 4537; x_wconf 64' lang='lat' dir='ltr'>Nara</span> <span class='ocrx_word' id='word_1_320' title='bbox 271 4484 390 4536; x_wconf 77' lang='lat' dir='ltr'>Dirtriclr</span> <span class='ocrx_word' id='word_1_321' title='bbox 412 4501 458 4533; x_wconf 84' lang='lat' dir='ltr'>ron</span> <span class='ocrx_word' id='word_1_322' title='bbox 482 4483 600 4534; x_wconf 74' lang='lat' dir='ltr'>Niclrcim</span> <span class='ocrx_word' id='word_1_323' title='bbox 625 4484 652 4532; x_wconf 67' lang='lat' dir='ltr'>S.</span> <span class='ocrx_word' id='word_1_324' title='bbox 674 4486 706 4533; x_wconf 66' lang='lat'>7⁸</span> <span class='ocrx_word' id='word_1_325' title='bbox 727 4484 783 4533; x_wconf 76' lang='lat' dir='ltr'>itud</span> <span class='ocrx_word' id='word_1_326' title='bbox 804 4485 838 4531; x_wconf 77' lang='lat'>79</span> <span class='ocrx_word' id='word_1_327' title='bbox 858 4497 914 4532; x_wconf 78' lang='lat' dir='ltr'>ran·</span> <span class='ocrx_word' id='word_1_328' title='bbox 937 4481 985 4529; x_wconf 78' lang='lat' dir='ltr'>der</span> <span class='ocrx_word' id='word_1_329' title='bbox 1007 4478 1142 4529; x_wconf 83' lang='lat' dir='ltr'>t&#39;ardinal</span> <span class='ocrx_word' id='word_1_330' title='bbox 1175 4475 1208 4528; x_wconf 82' lang='lat' dir='ltr'>(la</span> <span class='ocrx_word' id='word_1_331' title='bbox 1228 4475 1383 4544; x_wconf 79' lang='lat' dir='ltr'>Manupelto</span> 
     </span>
     <span class='ocr_line' id='line_1_38' title="bbox 121 4570 620 4639; baseline -0.01 -13"><span class='ocrx_word' id='word_1_332' title='bbox 121 4572 258 4639; x_wconf 71' lang='lat' dir='ltr'>(Thomu</span> <span class='ocrx_word' id='word_1_333' title='bbox 277 4570 403 4636; x_wconf 76' lang='lat' dir='ltr'>Ursinus)</span> <span class='ocrx_word' id='word_1_334' title='bbox 425 4574 474 4623; x_wconf 76' lang='lat' dir='ltr'>der</span> <span class='ocrx_word' id='word_1_335' title='bbox 493 4572 620 4637; x_wconf 69' lang='lat' dir='ltr'>Anaetica.</span> 
     </span>
    </p>
   </div>
   <div class='ocr_carea' id='block_1_8' title="bbox 1148 4660 1202 4727">
    <p class='ocr_par' dir='ltr' id='par_1_9' title="bbox 1148 4660 1202 4727">
     <span class='ocr_line' id='line_1_39' title="bbox 1148 4660 1202 4727; baseline 0 -30"><span class='ocrx_word' id='word_1_336' title='bbox 1148 4660 1202 4727; x_wconf 63' lang='grc'>7*</span> 
     </span>
    </p>
   </div>
   <div class='ocr_carea' id='block_1_9' title="bbox 0 0 1680 5166">
    <p class='ocr_par' dir='ltr' id='par_1_10' title="bbox 0 0 1680 5166">
     <span class='ocr_line' id='line_1_40' title="bbox 0 0 1680 5166; baseline 0 0"><span class='ocrx_word' id='word_1_337' title='bbox 0 0 1680 5166; x_wconf 95' lang='lat' dir='ltr'> </span> 
     </span>
    </p>
   </div>
  </div>
 </body>
</html>
