3390 5160
793 290 963 345 -ιε,

252 450 401 518 dotavit,
435 445 522 527 quod
547 446 714 528 usquead
746 451 894 528 tempora
928 453 1039 512 nostra
1072 445 1273 529 perduravit,
1305 466 1393 512 nune
1428 466 1496 511 cero

253 578 317 623 non
343 559 484 623 hostiurn
509 560 639 624 incursu
672 561 841 635 forinseco,
876 561 932 624 sed
967 562 1054 626 tinea
1087 565 1297 626 attenuatum
1329 561 1497 626 intrinseca

252 674 448 737 desolacioni
472 676 654 756 proximum
680 680 738 739 est.
773 677 953 758 Meynulins
977 682 1051 758 post
1075 681 1214 740 mortem
1239 681 1272 740 et
1297 677 1330 740 in
1355 676 1421 742 vita
1444 677 1497 739 mi·

252 789 369 853 raculis
401 789 553 853 claruisse
585 790 701 868 tegitur
733 794 764 854 et
797 791 914 855 natalis
947 790 1016 855 dies
1049 791 1118 855 eius
1151 791 1267 873 quinta
1299 790 1354 854 die
1386 792 1498 856 mensi<

253 902 403 966 Octobris
427 905 458 966 in
492 904 611 968 diocesi
645 903 906 969 paderburnensi
941 905 1157 984 celebratur¹t
1162 954 1497 970 .......

783 1146 881 1228 Cap.
909 1147 969 1210 41.

341 1284 532 1339 Lodewicue
551 1285 649 1339 filius
668 1285 779 1338 Karoli
805 1285 914 1353 Magni
934 1325 1497 1340 ........
1507 1294 1543 1336 at

75 1390 238 1489 grsss-cgffi
342 1385 439 1448 Anno
454 1388 571 1466 quarto
582 1384 604 1463 ²)
623 1385 747 1466 imperii
770 1385 819 1446 sui
844 1383 957 1449 habuit
982 1403 1056 1448 curn
1076 1383 1223 1465 plurimis
1239 1384 1401 1465 episcopis
1425 1403 1497 1447 con·

104 1499 197 1543 “¹⁸¹²
252 1499 595 1581 ciliumeprovinciale
619 1499 815 1581 Aquisgraui
839 1504 870 1563 et
894 1499 968 1562 tecit
991 1498 1033 1561 ibi
1057 1498 1157 1562 statui
1189 1498 1337 1577 regulam
1369 1499 1497 1563 canoni·

249 1635 381 1692 corum,
424 1615 514 1679 cuius
560 1613 692 1695 quidem
732 1613 856 1677 concilii
899 1612 1045 1694 capitula
1087 1611 1252 1678 habentur
1293 1612 1328 1676 in
1370 1612 1497 1678 ecelesia

255 1730 517 1795 paderburnensi
542 1730 573 1792 in
603 1729 694 1807 libro,
728 1727 783 1809 qui
807 1732 940 1809 propter
972 1731 1097 1793 statuta
1120 1726 1217 1792 buius
1240 1728 1369 1792 concilii
1402 1729 1433 1793 in
1464 1748 1498 1791 eo

250 1849 403 1909 contenta
428 1843 539 1922 regula
562 1847 778 1924 nuncupatur.
814 1891 821 1905 .
871 1890 877 1905 .
948 1892 955 1906 .
1026 1892 1033 1906 .
1104 1891 1112 1906 .
1182 1892 1190 1906 .
1261 1893 1269 1906 .
1341 1892 1349 1906 .
1418 1893 1426 1905 .
1490 1891 1497 1904 .

341 1960 379 2022 Et
425 1959 538 2022 eodeni
587 1963 744 2038 ternpore,
786 1956 934 2021 videlicet
977 1977 1065 2022 anno
1112 1957 1238 2039 imperii
1275 1959 1326 2022 sui
1363 1960 1496 2039 sercou.

73 2070 238 2168 gazum
254 2074 325 2142 ipse
345 2072 520 2126 inchoavit
541 2071 779 2125 monasterium
807 2069 987 2124 Corbiense
1016 2070 1049 2124 in
1068 2069 1194 2124 diocesi
1215 2070 1497 2129 Paderburnenei.

62 2158 315 2240 patherbrunn-quo
335 2176 451 2239 postea
470 2168 599 2222 decimo
627 2168 774 2236 quinto⁴t
804 2184 886 2220 enno
914 2184 1034 2236 corpus
1062 2167 1175 2221 saneti
1194 2167 1265 2221 Viti
1294 2167 1332 2222 de
1352 2167 1498 2222 Pariaiaa

106 2244 207 2276 mm
252 2267 436 2322 transtulit
446 2305 1498 2320 ..............

64 2377 251 2422 rmLiborii.
322 2368 415 2419 Anno
434 2364 567 2435 imperii
588 2364 749 2418 bodowici
764 2363 924 2417 vicesimo
943 2361 1076 2423 terciof't
1091 2362 1280 2417 translatus
1294 2367 1347 2417 est
1364 2367 1499 2418 sanetae

253 2462 408 2518 Liberius
427 2462 465 2516 de
490 2463 631 2516 civitate
651 2460 899 2519 cenomanica‘b
928 2459 1053 2524 Gallie,
1085 2461 1117 2514 in
1149 2477 1213 2531 qua
1239 2461 1403 2532 quondam
1432 2462 1499 2532 ipae

252 2561 365 2615 iuerat
393 2560 588 2630 episcopus,
616 2559 656 2612 ad
680 2557 891 2613 paderborne
919 2557 1097 2612 civitatem
1127 2556 1334 2624 Westfalie,
1367 2558 1499 2612 Aldriee

251 2657 529 2712 cenomanensem
544 2663 579 2709 et
593 2655 768 2710 Beduredo
782 2652 1095 2707 paderburnensem
1114 2653 1312 2722 regentibus
1330 2655 1498 2710 eccleaiaa

252 2756 327 2841 [Hic
360 2755 510 2819 Aldricus
542 2755 601 2818 tuit
632 2760 804 2820 accusatus
837 2753 925 2835 apud
959 2754 1150 2834 Gregorium
1182 2773 1307 2836 papam
1329 2759 1482 2837 quartum

250 2871 391 2936 habetur
419 2871 447 2933 11
470 2871 597 2953 questio
623 2869 663 2932 Vl
687 2891 705 2934 e
725 2869 865 2934 decreto.
878 2865 918 2953 b]
966 2868 1004 2932 Et
1037 2868 1170 2949 quidam
1204 2867 1340 2933 clericus
1372 2869 1500 2935 eeclesie

251 2985 529 3051 paderburnensis
563 2986 619 3049 ido
643 2985 774 3049 nomine
798 2985 1011 3065 conscripsit⁰
1048 2982 1215 3059 miracuta,
1252 3003 1319 3065 que
1355 2982 1435 3047 vidit
1471 2984 1499 3046 in

250 3101 466 3165 translacione
489 3101 592 3164 sancti
616 3100 745 3173 Liborii,
779 3103 811 3164 et
834 3099 997 3164 habentur
1019 3097 1140 3179 scripta
1168 3099 1200 3162 in
1224 3098 1361 3164 ecclesia
1384 3097 1502 3164 pader-

250 3217 402 3280 burnensi
427 3214 614 3297 supradicta
628 3216 660 3295 ³).
700 3213 755 3297 [Et
780 3214 983 3278 Ereonradus
1006 3213 1164 3277 diaconus
1186 3212 1322 3278 ecclesie
1344 3213 1503 3278 Cenoma·

250 3331 359 3395 nensis
371 3330 395 3413 ⁸)
419 3330 530 3394 scribit
552 3330 667 3393 eadent
692 3328 858 3405 miracula,
886 3332 983 3410 prout
1006 3346 1045 3391 ea
1068 3326 1246 3393 sevidisse
1269 3331 1420 3393 testatur.
1467 3327 1502 3392 u

250 3447 319 3528 ipse
342 3445 462 3521 scribit,
486 3443 574 3526 quod
598 3444 694 3525 legati
719 3443 861 3524 episcopi
885 3441 1050 3508 Baduradi
1067 3460 1126 3523 pro
1145 3440 1358 3523 retiquiamnn
1375 3446 1503 3509 sancta·

252 3612 437 3621 ——..-

340 3707 355 3736 ἢ
374 3694 515 3749 concilium
544 3694 604 3747 per.
696 3692 782 3746 biiic
805 3725 835 3731 --
855 3691 962 3746 decreto
991 3694 1062 3745 deest
1088 3688 1165 3745 Gaas.
1193 3690 1256 3746 Par.
1299 3694 1333 3746 In
1360 3691 1438 3748 Can
1462 3712 1503 3745 aaa

252 3786 343 3838 oberrat
365 3786 460 3837 Raude
478 3789 570 3850 epatica·
589 3785 788 3848 rrrrcirprtrapeu.
860 3792 873 3820 ⁰
892 3780 1038 3834 conscribit
1056 3779 1117 3834 Ριῐ.

343 3988 360 4051 ¹)
384 3980 454 4040 {ber
473 3991 522 4040 den
542 3989 579 4040 hl.
600 3989 720 4053 itleinuis
749 3989 827 4052 eerpt.
857 3988 900 4037 die
933 4004 980 4037 ron
1010 3987 1150 4052 Siqeeeord
1176 3986 1367 4040 berrttbmda
1394 3987 1504 4041 ldm-

251 4077 439 4143 beecbreitmnp
468 4081 494 4127 in
528 4075 598 4130 Mon.
634 4076 724 4130 Germ.
743 4075 789 4129 SS.
815 4081 856 4127 15.
885 4079 912 4130 S.
937 4079 988 4127 m
1011 4076 1042 4140 ff.
1076 4076 1132 4126 aad
1161 4075 1318 4128 ueterem
1347 4075 1435 4129 ue·
1461 4076 1506 4129 dn

251 4168 287 4218 ar.
310 4167 430 4231 ,ilrimds
446 4165 515 4217 Acta
533 4169 687 4218 sanctorum
707 4163 774 4217 Bell.
795 4169 818 4216 ἶ».
841 4166 899 4215 (tta.
921 4165 975 4216 111.
996 4191 1025 4199 -
1055 4162 1074 4227 ²)
1095 4162 1176 4215 nucu
1189 4180 1226 4215 oa
1237 4166 1338 4217 819&
1351 4164 1504 4225 radah,

251 4256 367 4305 eundern
397 4272 432 4304 (ιη
453 4259 504 4306 κ17
527 4256 589 4305 Juli
610 4259 649 4306 10.
669 4252 705 4308 Μ.
716 4251 748 4308 G.
769 4251 819 4308 LL.
842 4254 861 4305 I.
884 4259 942 4304 201.
964 4283 996 4290 -
1026 4250 1045 4313 ³)
1067 4253 1119 4304 bb
1138 4252 1296 4320 Grttadw
1314 4253 1429 4321 erfolfflo
1445 4256 1504 4306 Βῆ.

251 4347 278 4396 S.
302 4340 443 4408 catalogus
462 4339 588 4394 abbatum
608 4345 635 4393 et
654 4342 768 4394 fratrum
787 4338 988 4392 Corbeieneium
1007 4339 1047 4390 bei
1064 4338 1142 4404 Jaffe‘
1157 4335 1222 4393 bibi.
1240 4335 1262 4403 Ι,
1282 4338 1328 4395 dt.
1351 4366 1387 4379 -
1414 4340 1437 4405 ¹)
1457 4340 1505 4395 bn

255 4422 443 4497 Cbenropnnp
471 4431 580 4495 ersolptr
608 4436 667 4482 836.
721 4431 807 4496 t'erpi.
836 4427 930 4481 transl.
958 4425 1046 4481 uncti
1074 4423 1133 4480 viu·
1149 4441 1174 4481 ο,
1194 4426 1237 4483 14.
1270 4458 1304 4468 -
1338 4426 1360 4493 ⁸)
1377 4430 1441 4485 836.
1472 4453 1502 4465 ·-

260 4519 281 4583 ⁶)
304 4520 341 4571 Le
360 4520 449 4571 ⁴ticina.
488 4545 519 4553 -
566 4516 582 4580 ς)
610 4520 695 4585 t'erpt.
715 4516 868 4570 Translatio
896 4515 983 4569 sancti
1008 4512 1106 4567 Liborii
1124 4530 1148 4568 e.
1166 4511 1192 4567 8.
1231 4545 1266 4555 -
1303 4514 1505 4584 phio-nde

252 4608 540 4672 Lebrnebeerbreibuny
560 4611 592 4657 iat
612 4609 684 4658 nicht
703 4608 831 4659 erhcrtten.
