3390 5160
747 326 940 382 „23⁸-

218 489 272 551 tus
303 504 472 550 murorum
506 483 665 563 fragmine
697 482 889 566 prohibente
921 481 1034 547 bestiis
1066 502 1131 547 non
1165 480 1282 564 patuit,
1315 484 1349 547 et
1371 500 1471 563 super

218 618 331 665 earum
355 598 471 665 altaria
495 601 667 679 tamquam
691 598 723 662 in
747 596 832 662 saltu
856 600 1095 661 succreverant.
1133 594 1257 661 Omnes
1278 599 1346 661 tam
1370 613 1470 661 cano-

219 713 291 778 nice
314 732 414 796 quarn
439 712 554 790 cleriei,
579 712 681 776 ceiam
706 711 865 793 presbiter
880 709 1102 792 parrochialis,
1121 710 1227 774 locum
1245 710 1468 774 deseruenmt

219 827 369 911 Cumque
403 846 500 892 nemo
532 826 574 890 de
605 825 748 907 prelatis,
787 843 926 907 quorum
970 823 1114 889 interfuit
1150 843 1248 906 super
1284 822 1469 889 huiusmodi

219 941 315 1008 malis
337 941 471 1007 ecclesie
493 939 674 1023 providere,
694 938 916 1019 egrotaneium
936 937 1123 1003 vulneribus
1146 938 1254 1003 oleum
1277 941 1335 1002 aut
1360 937 1470 1001 vinum

218 1057 344 1123 curarit
376 1055 556 1132 infundere,
594 1055 653 1120 sed
686 1053 821 1137 quilibet
854 1072 968 1118 eorum
1000 1053 1041 1117 de
1074 1051 1175 1135 ipsius
1211 1051 1272 1118 loci
1313 1051 1472 1116 reforma·

219 1171 313 1238 cionc
336 1174 481 1236 extreme
505 1169 747 1252 desperacionis
770 1168 956 1251 pulsaretur
978 1178 1161 1243 occursu·,
1194 1165 1352 1232 mirabilis
1383 1167 1470 1231 Deus

221 1286 254 1350 in
277 1284 399 1351 sanctis
423 1284 500 1362 suis,
525 1283 611 1348 Deus
635 1284 667 1347 in
691 1283 762 1348 loco
785 1285 900 1347 sancto
923 1300 994 1359 suo,
1028 1280 1115 1346 Deus
1138 1280 1194 1364 qui
1221 1279 1371 1345 habitare
1394 1279 1471 1346 tacit

219 1399 317 1465 unius
339 1398 438 1464 nroris
462 1398 494 1462 in
517 1397 627 1474 domo,
660 1397 747 1462 beati
770 1395 955 1479 Meynulplri
989 1396 1104 1460 merita
1139 1394 1324 1461 evidencius
1356 1394 1469 1459 volens

220 1509 376 1579 illucerelt
395 1513 502 1578 locum
531 1513 629 1576 istum
658 1516 731 1594 post
763 1515 889 1577 tantam
920 1511 1186 1592 deturpacionem
1216 1529 1275 1592 per
1307 1509 1432 1575 viscera
1446 1508 1469 1590 ¹)

219 1627 464 1693 miscricordie⁰
486 1626 628 1692 visitavit
652 1645 690 1691 cx
714 1626 781 1691 alto
805 1645 880 1690 curn
913 1645 972 1707 per
994 1644 1069 1689 rere
1101 1623 1264 1704 religionis
1299 1621 1470 1687 unanimes

219 1741 415 1810 revocando.

767 1953 864 2036 Cap.
893 1954 924 2017 3.

327 2093 424 2158 Anno
448 2091 546 2173 igitur
568 2091 747 2156 nativitatis
770 2091 932 2157 dominice
956 2093 1125 2158 millesimo
1149 2094 1470 2176 quadringentesimo
1486 2113 1545 2154 raes.

220 2215 313 2277 sexto
329 2207 523 2272 Willrelmus
547 2205 630 2271 filius
653 2206 745 2270 ducis
761 2207 801 2271 dc
817 2207 927 2273 Monte
951 2207 1073 2273 electus
1088 2206 1393 2274 Paderbumensis‘¹
1412 2230 1472 2292 per

221 2322 398 2407 capitulum
431 2340 527 2386 suurn
556 2340 654 2402 super
678 2320 894 2387 translacione
917 2322 1128 2405 reliquiarum
1156 2324 1260 2389 sancti
1285 2323 1471 2408 bleynulphi

220 2444 253 2506 et
277 2440 437 2503 bonorum
463 2435 564 2517 ipsius
588 2434 777 2501 monasterii
802 2436 999 2502 restanciuur
1028 2437 1070 2503 ael
1095 2438 1264 2503 ecclesiane
1288 2437 1472 2503 l'aderbur·

220 2572 354 2620 nensem
380 2549 528 2617 facienda
555 2553 745 2633 temptatus,
779 2550 811 2614 in
845 2551 1066 2633 reliquiarum,
1101 2557 1135 2617 ut
1160 2553 1266 2618 maior
1298 2553 1344 2619 eis
1367 2552 1473 2618 honor

223 2666 477 2749 impenderetur,
497 2664 555 2729 scd
574 2684 640 2729 non
657 2664 818 2729 bonorum
841 2667 1091 2731 translacionem
1113 2668 1220 2733 verbis
1238 2672 1270 2733 et
1292 2668 1376 2734 iacto
1395 2688 1473 2733 con-

221 2781 332 2847 sensit.
366 2779 450 2845 Nam
471 2779 556 2843 idem
576 2779 697 2844 electus
716 2798 782 2846 una
805 2800 879 2845 cunr
906 2780 1031 2847 decano
1055 2786 1087 2846 ct
1110 2782 1181 2847 aliis
1205 2783 1471 2866 quampluribus

221 2895 386 2961 canonicis
409 2899 442 2960 ct
465 2894 729 2960 ministerialibus
752 2895 854 2978 ipsius
877 2896 1011 2961 ecclesie
1026 2896 1305 2963 Pederburnensis
1321 2918 1472 2963 suamm-

221 3030 286 3093 que
309 3008 464 3074 comitiva
487 3028 552 3073 non
577 3009 706 3074 modica
729 3028 842 3075 versus
861 3009 971 3075 villam
990 3010 1144 3076 Budeken
1163 3032 1198 3077 se
1212 3012 1339 3077 direxit.
1372 3012 1472 3077 Curn-

222 3144 287 3208 que
310 3124 382 3187 loeo
406 3124 471 3189 iam
496 3123 555 3188 visi
579 3129 655 3188 sunt
678 3123 804 3202 adesse,
829 3125 981 3190 mulieres
1009 3126 1082 3191 ville
1105 3126 1189 3191 illius
1221 3127 1285 3191 duc
1318 3127 1397 3191 istos
1428 3128 1472 3191 ob

222 3239 448 3305 translacionis
482 3239 625 3321 predicte
658 3258 793 3305 causum
824 3241 932 3306 venire
964 3241 1137 3323 suspicare.
1161 3262 1197 3307 se
1227 3242 1269 3306 ad
1301 3242 1471 3307 ecclesiam

221 3354 428 3421 contulcnrnt
452 3356 484 3418 ct
507 3357 639 3436 arrepta
662 3353 762 3420 arclra
785 3355 937 3437 reliquias
961 3356 1148 3421 continente
1170 3356 1375 3439 supradictas
1398 3378 1470 3422 earu

222 3471 255 3535 in
279 3468 423 3551 quodam
447 3487 606 3551 equorum
631 3468 760 3534 stabulo
784 3468 865 3532 turri
887 3470 989 3551 ipsius
1017 3469 1149 3535 ecclesie
1182 3490 1294 3537 versus
1321 3476 1470 3535 austnrnr

222 3585 321 3649 altino
344 3584 405 3647 sub
427 3583 531 3665 paleis
553 3583 794 3648 abscondenmt
807 3582 842 3666 ²).
872 3582 911 3647 Et
933 3584 1011 3648 ilum
1036 3584 1087 3649 isti
1106 3584 1242 3650 chorum
1266 3584 1399 3650 ecclesie
1422 3585 1472 3650 in·

224 3699 324 3781 gressi
340 3698 546 3779 constipatim
563 3697 694 3761 arellam
715 3698 747 3762 in
767 3698 838 3763 loco
861 3718 921 3763 suo
944 3719 1010 3764 non
1035 3699 1195 3777 viderunt,
1214 3701 1258 3765 nb
1281 3700 1342 3765 illis
1358 3700 1472 3765 nrulie·

223 3815 313 3880 ribus
336 3812 594 3887 sciscitabantur,
618 3831 684 3893 quo
708 3812 807 3877 archa
837 3814 1031 3878 ‹iuvenisset
1078 3814 1150 3892 Quo
1181 3819 1349 3897 tamquam
1380 3835 1473 3881 rura·

223 3929 270 3993 les
293 3928 415 3993 astucia·
438 3926 590 3992 Rnclrelis
617 3931 777 4008 expertes,
800 3928 900 4009 plano
930 3928 1101 3993 nremlucio
1129 3929 1328 4013 inquirentes
1361 3929 1473 3995 laltcre

222 4043 272 4107 sui
297 4041 425 4124 patroni
450 4040 518 4103 zelo
542 4061 695 4105 succense
721 4060 785 4105 ιιοιι
816 4042 927 4119 verite,
962 4043 1048 4107 illam
1073 4044 1115 4108 nd
1149 4049 1292 4109 castrum
1317 4044 1473 4109 tt'enels·

223 4154 349 4220 burch⁰
372 4155 511 4219 vicinum
537 4155 596 4218 sibi
616 4154 853 4237 responderunt
879 4156 948 4221 sore
962 4156 1149 4223 deductam.
1187 4156 1250 4240 Ipsi
1269 4162 1379 4222 tanren
1402 4176 1473 4221 rer·

313 4377 328 4405 ὓ
349 4367 540 4433 urspritnqliclr
569 4382 717 4428 occursum,
747 4373 839 4434 apter-r
866 4370 916 4420 der
944 4369 1034 4419 street
1064 4371 1128 4421 iiber
1159 4386 1177 4423 u
1208 4371 1412 4421 rtur-rtemann·
1440 4369 1471 4425 Τ.

224 4451 365 4507 belucere
385 4452 415 4505 lt.
444 4453 661 4508 ‘misericordie
677 4454 782 4507 viscera
795 4454 825 4507 Τ.
863 4452 1128 4511 tl‘sdertumensis
1141 4454 1173 4511 Τ.
1211 4470 1225 4495 ⁰
1249 4456 1426 4525 ll'evclsborg
1441 4457 1471 4513 Τ.

315 4645 334 4705 ¹)
354 4643 416 4698 Luc.
437 4642 457 4707 l,
478 4643 519 4698 78.
539 4671 572 4679 -
598 4642 619 4710 ⁷)
645 4644 731 4711 t'erql.
750 4641 962 4698 Cosmidromiun
981 4645 1009 4697 δ’.
1031 4652 1089 4698 lull.
