3390 5160
697 369 889 423 -ata-

168 521 299 595 sentire,
337 521 397 585 nisi
435 521 524 603 prius
556 543 612 586 sex
650 523 739 587 milia
777 522 970 586 ducatorum
1004 520 1063 585 sibi
1098 520 1254 583 darentur
1287 523 1318 582 ct
1350 518 1417 596 regi

168 634 257 717 Cipri
280 636 527 700 restituerentur
558 637 705 718 pecunie,
738 655 821 718 quas
854 636 1003 717 exposuit
1035 653 1094 716 pro
1127 633 1289 714 predictis.
1337 633 1415 696 ilem

169 749 300 814 tratrem
326 749 402 815 dicti
426 750 548 814 ordinis
573 753 729 816 maiorem
758 752 853 817 annis
886 771 1037 833 expresse
1060 750 1243 833 professum
1275 768 1295 813 a
1330 752 1418 822 roto,

169 862 282 943 regula
306 868 338 928 ct
362 863 476 929 babitu
500 865 662 944 religionis
686 866 825 931 absolvit
849 869 881 929 et
905 865 995 929 dedit
1024 864 1084 928 sibi
1114 862 1282 928 licenciam
1306 861 1419 925 matri·

170 977 316 1040 monium
341 978 566 1055 contrahendi,
590 979 835 1063 propterquod
859 978 1190 1044 sexcentosdueatos
1224 973 1344 1056 recepit
1377 974 1419 1039 ab

170 1087 297 1153 eodem.
345 1090 424 1154 item
449 1090 517 1173 ipse
541 1093 749 1174 pertinaciter
771 1092 919 1168 asseruit,
944 1090 1032 1173 quod
1056 1110 1122 1155 non
1147 1092 1232 1154 esset
1256 1088 1322 1152 vita
1345 1091 1419 1168 post

170 1204 254 1268 hanc
280 1205 379 1267 ritarn
405 1224 464 1268 nec
488 1210 573 1270 esset
600 1207 708 1271 futura
741 1207 934 1271 resurrectio
967 1209 1181 1270 mortuorum.
1238 1203 1317 1266 ltenr
1351 1202 1420 1283 ipse

170 1318 313 1397 graviter
336 1318 395 1382 luit
419 1317 604 1394 infamatus,
633 1320 721 1402 quod
746 1341 819 1385 cum
843 1339 944 1384 uxore
976 1319 1084 1384 fratris
1116 1318 1166 1381 sui
1199 1315 1419 1390 concubuerit,

171 1451 246 1497 eum
279 1432 580 1497 sanctimonialibus
613 1435 781 1510 incestum,
815 1454 888 1498 curn
914 1433 1090 1513 virginibus
1118 1437 1266 1514 stuprum
1291 1434 1323 1494 et
1346 1448 1420 1493 curn

171 1546 353 1627 coniugatis
377 1545 572 1612 adulterium
598 1548 858 1630 perpetraueritt
878 1569 938 1613 nec
962 1568 1028 1612 non
1051 1547 1116 1612 alia
1134 1545 1270 1626 flagicia,
1289 1547 1422 1625 propter

173 1660 284 1742 qualia
308 1659 356 1725 ira
379 1659 437 1725 Dei
460 1661 628 1732 descendit
651 1662 683 1727 in
707 1662 790 1727 illios
814 1662 1007 1726 dittldencie.
1047 1662 1126 1725 ltem
1150 1660 1249 1736 vovit,
1273 1656 1423 1740 promisit

173 1779 207 1841 et
230 1775 348 1839 iurarit
382 1775 463 1840 velle
487 1776 600 1840 cedere
624 1778 769 1859 papatui,
802 1777 859 1841 sed
892 1777 970 1840 dum
1000 1775 1040 1839 ad
1076 1774 1136 1839 boc
1159 1774 1264 1838 iuerat
1287 1770 1423 1854 requisi·

173 1894 236 1965 tus,
271 1888 455 1968 denegavit.
511 1889 602 1954 Unus
635 1891 676 1956 de
708 1891 862 1967 articulis,
905 1891 961 1972 qui
993 1891 1052 1954 tuit
1089 1894 1201 1953 sertus
1234 1888 1265 1951 in
1298 1885 1422 1960 ordine,

174 2003 268 2085 plura
292 2003 372 2067 vicia
396 2004 555 2068 conclusit
565 2001 581 2041 l
600 2005 661 2068 sub
685 2004 746 2070 hac
770 2006 885 2070 torma.
932 2005 1012 2069 Item
1046 2003 1134 2086 quod
1167 2003 1273 2066 dictus
1306 2000 1422 2064 lolian-

174 2137 232 2182 nes
256 2118 315 2182 iuit
339 2122 371 2183 et
394 2121 443 2182 est
466 2137 646 2200 paupenuu
667 2139 851 2202 oppressor,
871 2119 996 2183 iusticie
1019 2123 1217 2201 persecutor,
1238 2116 1422 2198 iniquorum

173 2232 361 2314 colrnupna,
385 2233 649 2315 symoniacorum
673 2238 792 2311 statua,
826 2235 932 2299 earnis
955 2234 1069 2308 cultor,
1103 2232 1258 2296 viciorum
1292 2232 1424 2303 iex⁰,a

175 2348 349 2413 virtutibus
372 2345 597 2429 peregrinusl,
631 2347 762 2413 iniamie
794 2349 961 2431 speculum
995 2352 1028 2411 et
1051 2347 1196 2410 omnium
1221 2343 1423 2407 maliciamm

175 2461 356 2544 profundus
379 2461 583 2540 adinventor,
615 2461 699 2527 adeo
723 2466 755 2526 et
779 2463 811 2526 in
835 2467 963 2527 tantum
996 2460 1220 2525 seamlaiizans
1254 2456 1422 2521 ecclesiam

174 2577 305 2655 Christi,
330 2577 417 2658 qnod
451 2579 535 2642 inter
566 2577 685 2643 Christi
718 2576 828 2642 fideles
861 2578 960 2641 vitam
995 2581 1024 2640 ct
1060 2595 1168 2639 mores
1200 2593 1277 2637 snos
1305 2590 1425 2647 cogno·

175 2696 302 2758 scentes
326 2692 502 2773 vulgariter
523 2692 639 2757 dicitur
671 2692 829 2775 dyabolus
858 2693 1054 2756 incarnatus.
1102 2690 1140 2753 m
1163 2689 1240 2770 qnia
1265 2686 1426 2751 lobamres

176 2807 371 2890 presentatis
393 2807 537 2872 articulis
561 2806 755 2890 supradictis
778 2807 838 2870 sibi
863 2826 920 2888 pcr
943 2806 1026 2869 duos
1050 2805 1220 2887 episcopos
1234 2802 1257 2882 ¹)
1288 2805 1320 2864 et
1343 2799 1426 2863 ‹luos

176 2921 315 2987 abbates
327 2920 351 3005 ²)
374 2941 484 2987 coram
509 2921 764 3004 prothonotariis
787 2921 915 2984 duobus
940 2926 971 2983 et
996 2919 1129 2983 notariis
1157 2940 1195 2982 ac
1226 2916 1363 2980 testibus
1387 2934 1425 2977 ex

176 3040 271 3120 parte
294 3035 418 3101 concilii
442 3037 475 3100 in
498 3037 619 3118 oppido
639 3036 802 3119 Sellis⁰³l,
827 3035 1090 3100 Conslanciensis
1108 3032 1255 3105 diocesis,
1279 3050 1345 3093 non
1369 3047 1428 3091 au·

178 3151 258 3214 dens
282 3151 586 3216 contradicerentur
610 3155 724 3216 contra
747 3155 847 3214 testes
870 3169 968 3231 super
991 3148 1112 3213 eisdem
1137 3146 1323 3229 productos,
1348 3148 1426 3224 putu

178 3265 372 3341 cardinales,
396 3267 576 3348 episcopos
600 3265 748 3343 abbates,
763 3264 1039 3346 protlioaotarins,
1059 3261 1236 3335 auditores,
1256 3259 1429 3338 rmrgistros

179 3386 210 3446 et
243 3381 394 3445 tinctores
426 3380 548 3462 aliquid
582 3399 701 3444 curans
733 3399 910 3461 opponere,
943 3375 1210 3442 determinacioni
1243 3372 1368 3437 concilii
1392 3393 1427 3435 se

179 3495 349 3569 submisit,
382 3494 552 3558 concilium
586 3513 660 3571 rege
693 3498 844 3575 presente
872 3493 903 3555 in
928 3491 1090 3571 regalibus
1122 3488 1266 3567 insigniis
1297 3490 1429 3549 senten·

180 3611 264 3675 eiam
289 3609 505 3690 deposicionis
529 3608 600 3671 tulit
624 3611 737 3671 contra
762 3627 836 3671 eum
866 3607 1036 3687 ipsumque
1070 3607 1192 3685 papatu
1226 3605 1257 3663 et
1291 3598 1430 3663 mimini-

105 3758 166 3855 Mb,
180 3722 364 3789 stracioncs
397 3723 480 3786 illins
513 3722 650 3803 privavit
682 3741 808 3785 necnon
842 3740 956 3783 omnes
989 3724 1020 3781 et
1057 3717 1200 3795 singulos
1227 3688 1430 3779 (iliristianos

102 3818 134 3854 Μ

181 3843 225 3906 ab
263 3840 332 3904 eius
364 3837 551 3903 obediencia
589 3837 738 3910 absolvit,
776 3836 828 3899 dic
866 3835 1018 3898 vicesima
1062 3850 1149 3896 riona
1187 3830 1307 3894 mensis
1345 3828 1565 3892 Maiiiusttai
1580 3844 1613 3886 rs.

182 3957 355 4021 Decretum
393 3973 524 4034 utroque
556 3956 604 4015 est
639 3971 696 4032 per
729 3951 911 4024 concilium,
945 3948 1032 4030 qrrod
1067 3946 1151 4010 idem
1188 3945 1347 4009 lohannes
1370 3942 1432 4005 sub

273 4181 288 4208 e
309 4171 512 4238 perpetraverat
539 4164 576 4225 L..
609 4164 776 4233 perpetravit
803 4162 863 4216 Per.
919 4159 934 4199 b
954 4159 1089 4213 concludit
1119 4158 1178 4212 l‘cr.
1252 4168 1337 4211 caex
1368 4154 1434 4210 lud.

182 4256 198 4296 ⁴¹
220 4256 370 4327 peregrinis
389 4254 449 4307 l'ar.
505 4265 518 4293 0
541 4252 623 4305 Celtis
642 4250 763 4315 (Druck).
817 4250 828 4288 f
851 4247 1095 4302 rdministraciouis
1116 4245 1175 4299 Par.

276 4447 294 4501 'l
315 4448 440 4499 ‚indicus
468 4464 514 4495 ron
545 4446 625 4496 limen
656 4445 713 4495 rtnd
739 4443 878 4495 Jolrnnnca
906 4460 952 4491 rna
981 4441 1098 4491 larrurtr.
1153 4468 1168 4475 --
1208 4434 1227 4499 'l
1251 4436 1366 4488 'l'iiomua
1386 4452 1433 4486 rem

183 4539 223 4589 St.
243 4537 350 4589 Μονίμη
371 4538 449 4586 extra
470 4550 558 4585 tuturos
576 4551 609 4583 ru
637 4533 708 4584 ivn-t·
732 4532 788 4583 rand
811 4538 820 4579 t
828 4534 918 4596 'crepam
946 4546 993 4579 rna
1015 4528 1053 4583 St.
1072 4527 1180 4579 Jcibnan
1210 4527 1268 4575 clem
1298 4525 1433 4576 &remites

183 4644 219 4679 tu
239 4625 362 4690 Pernyia.
397 4652 414 4657 ‹-
441 4622 457 4687 ¹)
478 4621 634 4689 Appcatcll.
