3390 5160
759 287 932 354 ,30-

221 457 363 520 sortitur.
429 456 510 520 Item
551 460 651 539 patet,
692 458 781 537 quod
823 457 959 522 ecclesia
1000 458 1136 522 lorensis
1177 459 1241 523 sita
1279 458 1313 522 in
1347 453 1467 523 civitate

220 572 480 635 paderburnensi
516 571 567 634 illo
597 576 742 653 ternpore
776 573 936 636 ecclesia*¹
965 573 1178 654 parrochialis
1210 574 1288 647 luit;
1329 578 1362 637 et
1394 574 1469 637 reri·

220 687 323 749 simile
356 690 414 761 esi,
448 686 535 766 quod
570 687 638 767 ipsa
673 687 767 751 luerit
794 688 837 752 ab
861 688 955 751 inicio
985 688 1204 752 ordinacionis
1227 688 1470 770 parrochiamm

221 801 303 865 lacte
327 820 385 882 per
408 800 619 864 Baduradum
643 802 823 865 secundum
848 803 1035 883 episcopum
1060 801 1367 867 paderburnensem
1402 823 1472 884 par·

221 915 371 978 rochialis
396 916 531 979 ecclesia
556 916 650 991 lacta,
684 935 758 980 cum
783 917 928 980 nondum
959 921 1030 981 erat
1059 937 1209 982 securum
1238 922 1377 1000 propter
1399 937 1472 999 geu·

221 1030 292 1095 tiles
317 1030 463 1094 incursus
483 1034 575 1095 extra
600 1031 669 1094 loca
694 1032 820 1096 munita
845 1033 996 1097 eeclesias
1020 1033 1181 1098 edificare.
1228 1031 1312 1097 ltem
1351 1030 1473 1115 liquetb

218 1165 255 1209 ex
289 1145 452 1226 predictis,
486 1145 574 1227 quod
607 1147 792 1226 prepositus
824 1146 958 1211 ecclesie
1004 1146 1296 1224 Paderburnensis‚
1331 1147 1415 1214 sicut
1445 1153 1474 1212 et

220 1260 317 1326 ceteri
363 1261 479 1343 prelati
530 1260 689 1338 eiusdem,
748 1261 848 1327 babet
914 1263 1168 1328 iurisdictionem
1221 1264 1264 1329 ab
1313 1264 1473 1346 episcopo.

21 1346 449 1444 v.n0rnw.1as.neyniver0us
468 1374 602 1444 quandam
621 1373 753 1444 cupellam
773 1392 874 1446 prope
903 1377 1058 1430 maiorem
1085 1376 1264 1431 eeclesiam
1294 1377 1528 1432 Paternus-ai

221 1489 371 1536 oensem,
406 1471 568 1540 quondam
598 1488 654 1540 per
682 1471 834 1525 Geroldum
861 1473 1105 1542 consanguineum
1130 1478 1159 1527 et
1185 1474 1358 1543 signiferum
1387 1474 1477 1528 Karoli

221 1567 313 1634 tingui
360 1585 407 1637 per
457 1567 558 1622 Grecos
605 1568 741 1637 operarios
782 1573 1011 1624 constructam
1054 1571 1080 1624 iu
1121 1571 1222 1625 honore
1264 1572 1345 1626 beate
1386 1571 1477 1631 Maria,

220 1665 401 1731 desolatam
426 1667 614 1730 reformavit
638 1666 703 1740 ΘΗ)
737 1692 797 1728 eam
817 1675 843 1729 in
863 1675 989 1729 honorem
1004 1690 1016 1714 ¹·
1043 1677 1130 1729 saneti
1159 1676 1345 1731 Bartholomei
1376 1677 1478 1730 dedica

150 1803 182 1841 a,
224 1781 272 1835 vit.
311 1782 390 1834 item
411 1781 641 1850 Meynwercus
672 1781 699 1834 in
723 1781 863 1835 Hervorde
891 1782 1067 1837 ecclesiam
1094 1788 1189 1837 sancte
1207 1758 1294 1838 biario
1313 1783 1349 1838 ad
1368 1783 1478 1837 Crucem

222 1877 336 1931 audito
365 1877 524 1931 miraculo
553 1895 609 1947 per
637 1878 767 1932 beatam
786 1878 960 1949 Virginem
988 1880 1034 1933 ibi
1062 1881 1153 1935 iacto
1181 1881 1352 1935 fundavit.
1390 1880 1478 1935 Unde

222 1975 462 2028 monasterium
500 1974 734 2028 canonicarum
773 1994 831 2029 ssu
859 1977 1050 2031 monialium
1091 1977 1293 2032 secularium
1336 1977 1382 2031 ibi
1425 1994 1480 2047 per

223 2071 393 2125 Lodowicum
422 2073 619 2141 imperatorem,
648 2071 737 2125 liaroli
766 2073 858 2141 Magni
887 2073 980 2136 filium,
1019 2074 1190 2128 fundatum
1229 2078 1320 2139 erat,
1357 2074 1415 2128 sod
1443 2075 1479 2128 ab

223 2168 367 2237 ngaris
412 2173 527 2238 partes
568 2168 751 2223 Westialie
781 2171 1019 2225 invadentibus
1068 2176 1185 2241 postea
1226 2171 1437 2226 destructum
1453 2172 1480 2235 Ἰ.

222 2270 370 2348 Cumque
395 2267 596 2348 temporibus
624 2267 817 2349 Meynwerci
842 2271 1001 2334 moniales
1025 2271 1095 2352 ipse
1118 2271 1356 2337 restauracioni
1380 2271 1481 2352 ipsius

222 2382 409 2446 monasterii
442 2402 574 2464 operam
601 2383 728 2458 darent,
766 2396 908 2464 apparuit
935 2395 1055 2448 ibidem
1084 2394 1182 2447 beata
1205 2394 1284 2462 virgo
1303 2392 1393 2447 Maria
1411 2395 1481 2447 eui-

223 2495 292 2549 dam
312 2496 462 2550 mendico
491 2496 616 2550 decima
645 2514 727 2549 nona
756 2496 807 2548 die
837 2494 960 2547 mensis
988 2492 1079 2545 Junii
1108 2509 1264 2546 asserens
1287 2508 1322 2546 se
1342 2492 1374 2547 in
1394 2492 1482 2546 tntu·

223 2609 288 2645 rum
317 2611 391 2648 esse
419 2593 679 2647 defensatricem
707 2593 771 2646 loci
800 2591 911 2651 illius.
941 2590 968 2642 si
1001 2588 1160 2642 moniales
1188 2589 1259 2658 ipse
1287 2589 1406 2659 pristina
1426 2591 1484 2643 vita

222 2695 326 2743 mutata
345 2691 478 2760 spirituali
499 2692 633 2744 exercicio
652 2692 810 2745 insisterent
834 2693 867 2743 et
886 2688 1059 2755 insignum
1079 2685 1298 2740 credulitatis
1317 2686 1393 2756 ipsa
1412 2687 1483 2741 usl-

223 2787 269 2841 let
301 2789 330 2841 iu
359 2788 467 2841 eodem
496 2788 568 2841 loco
596 2789 623 2841 in
651 2789 742 2858 specie
761 2785 882 2840 columbe
901 2802 983 2854 super
1001 2800 1148 2838 crucem.
1168 2799 1262 2852 quam
1287 2783 1374 2838 idem
1394 2802 1484 2838 men·

223 2885 316 2937 dicus
335 2884 371 2938 de
390 2885 506 2938 baculo
524 2903 582 2938 suo
602 2886 756 2938 facturus
783 2891 873 2937 esset
904 2887 936 2935 et
956 2881 1076 2934 ibidem
1095 2880 1296 2943 collocaret,
1316 2883 1483 2952 tempori·

222 2983 281 3035 bus
300 2984 424 3036 futuris
443 3000 612 3052 apparere.
649 2983 710 3036 Hic
730 2982 899 3035 mendicus
927 2980 998 3032 dum
1027 2978 1110 3032 banc
1138 2978 1302 3032 visionem
1330 2979 1484 3049 publiea·

224 3080 289 3141 vit,
309 3079 471 3132 adductus
490 3084 541 3132 est
560 3079 597 3132 ad
617 3080 807 3148 episcopum
821 3077 1077 3146 Meynwercum,
1096 3074 1150 3143 qui
1170 3075 1380 3129 examinavit
1398 3093 1484 3135 enin.

224 3174 281 3228 etd
301 3176 391 3229 lerro
410 3176 565 3229 candenti
586 3176 763 3245 probatus,
783 3191 884 3227 verax
904 3173 1074 3226 iudicatus
1093 3175 1152 3227 est.
1172 3169 1212 3224 Et
1230 3172 1261 3225 in
1281 3172 1396 3227 eodem
1412 3174 1484 3228 loeo

223 3293 310 3337 auno
352 3274 500 3337 revoluto
539 3281 687 3334 columba
705 3281 779 3333 visa
799 3285 863 3339 est,
903 3276 934 3335 et
971 3270 1089 3334 deinde
1131 3269 1378 3335 anniversarius
1414 3273 1486 3337 dies

224 3389 319 3452 buius
343 3390 489 3453 miraculi
514 3389 556 3453 ad
587 3389 742 3452 visionem
777 3388 882 3452 dictus
915 3392 963 3451 est
996 3387 1028 3450 in
1062 3385 1183 3450 diocesi
1215 3384 1485 3454 Paderburnensi

26 3517 210 3561 nucinum.
226 3510 257 3568 cl
282 3505 313 3567 in
338 3503 415 3567 locis
439 3504 683 3567 circuiirviciniS.
698 3503 722 3584 )
750 3510 977 3578 Meynwercus
996 3524 1101 3561 murum
1120 3506 1281 3561 incircuitu
1301 3508 1380 3564 urbis
1399 3511 1485 3566 intra

223 3617 363 3670 civitatem
392 3615 642 3670 Puderburnensem
671 3616 824 3670 construxit
852 3619 880 3668 et
907 3615 1013 3668 domum
1042 3613 1223 3684 episcopalem
1260 3615 1486 3671 atundamentis

138 3742 182 3780 ιω,
224 3714 319 3767 erexit.
367 3714 482 3768 Panem
513 3713 618 3766 album
648 3714 677 3766 in
707 3713 902 3782 quotidiana
930 3711 1177 3766 distribueione
1205 3712 1380 3768 canonicis
1408 3731 1485 3769 uon·

223 3811 295 3864 dum
324 3812 395 3864 eise
427 3816 618 3864 consuetum
648 3811 786 3864 dandum
816 3810 848 3862 de
872 3810 959 3863 banno
987 3809 1224 3874 ecclesiarum.
1260 3801 1323 3867 hoc
1357 3809 1409 3869 esi
1442 3806 1485 3870 de

314 4005 329 4033 ἢ
350 3997 419 4046 deuo
439 3993 504 4046 Pad.
571 3992 585 4030 Ι)
606 3994 715 4061 reliquit
735 3994 798 4046 l'ad.
872 4006 884 4033 (¹
907 3994 1006 4047 honore
1027 3992 1092 4046 Pad.
1158 3991 1174 4032 ¹¹
1194 3993 1221 4047 in
1240 3992 1306 4047 Pad.
1383 4007 1397 4036 ο
1420 4013 1484 4050 non

226 4074 287 4127 dum
308 4074 348 4127 eis
367 4077 437 4125 demi
458 4073 556 4126 Druck.

317 4263 334 4328 ¹)
362 4265 517 4315 ll'eaenlllrla
536 4265 704 4315 rrbrreirlirml
722 4266 795 4314 luunt
815 4285 841 4314 es
858 4269 884 4314 in
905 4266 953 4314 cler·
973 4263 1030 4315 vita
1049 4261 1208 4316 Mainvemi:
1228 4262 1310 4317 luxit
1329 4263 1481 4334 principale

225 4368 329 4420 quoque
349 4351 540 4404 monasterium
559 4351 689 4420 capellam
710 4351 843 4420 quondam
864 4350 984 4420 capellae
1003 4351 1030 4404 in
1050 4350 1150 4405 honora
1168 4353 1280 4405 sanetas
1300 4350 1405 4407 Mariae
1422 4369 1482 4423 per·

223 4443 321 4507 potone
340 4439 455 4507 virginis
474 4457 490 4493 a
509 4439 624 4492 Geroldo
644 4440 733 4493 Kuroli
756 4440 845 4506 llagni
870 4439 1040 4508 imperatoris
1063 4440 1264 4508 consanguineo
1291 4443 1321 4493 et
1346 4440 1480 4509 signifero

224 4528 378 4595 contiguum
398 4546 444 4597 per
463 4528 564 4580 Grecos
583 4529 719 4597 operarios
738 4528 897 4589 construxit,
916 4545 1028 4596 eamque
1042 4528 1069 4581 in
1082 4527 1280 4583 bonorasancti
1293 4527 1479 4584 Bntboloml

224 4615 338 4685 apostoli
359 4615 503 4670 dedicavit.
522 4617 586 4679 -··‘)
613 4620 698 4683 l'erpl.
718 4622 801 4669 322³.
819 4645 849 4653 ·-
872 4616 891 4682 ³)
917 4618 1004 4684 l'erql.
1023 4618 1041 4666 ll
1054 4618 1161 4670 ilmuus’
1175 4618 1368 4671 Additamento
1377 4620 1405 4671 8.
1416 4623 1477 4672 1⁰1.
