3390 5160
789 325 962 378 ,92-

359 481 441 544 Hinc
468 480 675 562 Neapolitani
709 484 784 546 nori
814 484 896 562 regis
921 483 952 544 in
977 480 1117 554 laudem,
1152 482 1188 542 ut
1211 477 1343 542 Troiani
1375 475 1475 539 Paridis

254 598 284 659 in
319 596 454 676 nuptiis,
490 616 555 660 non
593 599 669 678 quia
704 600 950 679 perpetraeione
983 596 1138 660 violencie
1162 593 1350 672 gerudcbant
1374 592 1475 656 iniuste.

253 711 308 773 sed
334 711 409 791 quia
436 715 571 774 venture
605 713 824 777 tribulacionis
860 712 972 789 lunari.
1007 711 1202 788 gaudiorum
1237 708 1421 786 satagebant
1442 706 1475 768 in·

253 827 365 888 sistere
390 826 488 888 lestis
537 826 733 908 Campsores
758 828 857 892 eciam
893 827 1047 908 pecunias
1075 846 1134 906 per
1157 824 1340 907 platearum
1374 821 1475 884 ttaalrr

252 943 451 1020 sparserunt.
499 940 566 1003 Hec
591 941 686 1019 igitur
710 947 776 1006 tam
802 941 933 1018 arandis
958 947 989 1004 et
1013 940 1177 1004 horrenda
1207 939 1239 1002 in
1264 938 1352 1016 regni
1383 937 1475 1016 capite.

253 1059 332 1133 puta
357 1054 503 1135 Neapoli.
529 1056 681 1119 inchoata
705 1057 853 1121 torbacio
879 1062 983 1120 lotum
1009 1075 1155 1134 regnum,
1176 1059 1310 1118 cunctas
1328 1071 1382 1133 per
1400 1051 1476 1131 ipsius

253 1169 436 1250 provincias
460 1170 616 1250 dispersa.
638 1191 757 1250 nrargno
778 1172 941 1236 concussit
961 1171 1104 1234 horrore.
1135 1169 1228 1232 liade
1244 1170 1346 1231 eltusa
1362 1171 1404 1228 est
1418 1184 1475 1226 cou-

253 1284 358 1347 teneio
383 1304 481 1364 super
503 1285 675 1365 principes
712 1291 747 1348 ut
771 1305 883 1349 eorum
910 1286 1038 1366 plurimi
1063 1304 1135 1348 curn
1161 1283 1356 1349 civitatibus,
1387 1278 1475 1343 eastris

253 1399 470 1479 omnibusque
507 1399 660 1464 subiectis
698 1405 812 1463 contra
852 1400 1007 1464 Karolum
1042 1400 1120 1462 inita
1159 1397 1386 1461 coniuracione
1420 1393 1474 1457 tadi

253 1517 329 1576 sunt
368 1514 396 1575 ei
434 1513 580 1577 rebelles.
637 1515 785 1595 Cumque
824 1514 1030 1595 Neapolitani
1064 1514 1148 1576 inter
1190 1516 1315 1576 ceteros
1357 1509 1475 1590 captivos

253 1628 449 1692 Teutonicos
488 1630 520 1691 in
559 1630 670 1692 odium
710 1630 801 1693 ducis
838 1629 968 1693 (ittonis
1007 1629 1148 1692 maxime
1181 1646 1298 1690 exosos
1335 1625 1475 1688 haberent.

253 1763 367 1807 omnes
391 1763 447 1807 eos
472 1744 682 1823 postulabant
706 1744 818 1808 occidi.
866 1744 1027 1807 Plurimos
1052 1743 1138 1806 enirn
1163 1763 1203 1806 ex
1237 1743 1293 1812 eis,
1329 1742 1395 1804 lieet
1419 1737 1473 1800 duci

254 1857 348 1922 niclril
382 1858 490 1922 auxilii
525 1861 733 1939 prostiterint,
772 1860 980 1922 solummodo
1013 1859 1159 1923 nacionis
1191 1877 1291 1922 causa
1317 1856 1377 1918 iam
1399 1851 1473 1916 truri-

253 1973 386 2036 dabant.
436 1972 527 2036 Unde
552 1973 644 2037 multi
669 1993 782 2037 eorum
808 1974 892 2037 inter
915 1975 996 2037 alios
1021 1973 1196 2055 populares
1231 1969 1416 2035 mechanicis
1435 1984 1473 2029 ar·

253 2088 339 2150 tibus
364 2088 553 2151 insudantes
581 2093 638 2152 aut
671 2089 751 2151 alias
788 2089 942 2165 degentes
967 2089 1085 2152 itridem
1119 2088 1161 2152 ab
1191 2086 1337 2150 honestis
1360 2080 1473 2147 mulieri·

254 2204 314 2265 lrus
339 2203 559 2267 misericordia
594 2204 690 2266 motis
716 2203 800 2266 intra
824 2205 982 2266 cisternas
1015 2206 1047 2266 et
1080 2201 1209 2267 cellaria
1244 2199 1472 2265 occultabantur.

253 2317 357 2381 donec
381 2319 476 2398 primi
500 2318 658 2381 tumultus
683 2320 771 2381 furor
794 2318 991 2399 quiescebat.
1038 2317 1109 2380 Rex
1126 2316 1266 2381 Karalus
1282 2315 1391 2379 videns
1409 2310 1473 2374 Nea·

253 2432 472 2513 politanorum
498 2433 625 2495 animos
650 2434 681 2496 in
705 2433 960 2496 'teutonicorum
986 2451 1098 2496 necem
1132 2431 1316 2496 obstinatos
1353 2448 1406 2493 nee
1431 2440 1472 2487 eos

254 2551 383 2611 lleetere
407 2547 519 2611 valens
543 2568 603 2612 nec
626 2549 671 2611 eis
687 2548 836 2611 resistere
851 2548 977 2613 audens
992 2547 1154 2611 commisit
1170 2545 1349 2609 Villanucio
1361 2544 1382 2620 ¹)
1402 2535 1472 2604 militi

254 2663 327 2725 duci
357 2663 515 2726 exercitus
548 2664 608 2738 sui,
642 2667 678 2726 ut
716 2664 747 2726 in
777 2664 838 2726 hoc
868 2662 1006 2726 articulo
1040 2661 1118 2743 quid
1155 2662 1321 2743 expediret
1354 2656 1473 2740 protinus

254 2777 430 2840 ordinaret.
478 2777 686 2858 Quapropter
710 2779 907 2841 l'illanucius
940 2778 1064 2841 cunctis
1097 2775 1285 2841 Teutonicis
1318 2793 1386 2840 cum
1410 2770 1473 2832 dirce

255 2894 375 2956 unone
399 2893 501 2972 captis
525 2893 729 2972 congregatis
754 2893 785 2955 in
810 2912 910 2955 unum
935 2892 1069 2970 singulis
1092 2911 1205 2955 eorum
1229 2910 1322 2955 arma
1346 2907 1398 2951 sua
1417 2879 1473 2946 rel·

255 3007 346 3082 didit,
372 3011 403 3070 et
428 3007 694 3070 convenientibus
719 3007 764 3070 eis
789 3008 820 3070 in
845 3007 983 3088 planicie
1006 3010 1082 3070 ante
1106 3009 1251 3070 castrum
1272 3005 1402 3069 Norum.
1425 3012 1473 3076 ult

255 3124 403 3187 Carreria
428 3122 555 3193 dicitur,
582 3122 778 3185 t'illanucius
804 3121 1028 3202 Neapolitanis
1054 3120 1144 3196 dixit,
1168 3124 1205 3184 ut
1228 3119 1414 3183 Teutonicos
1428 3127 1472 3188 ap

255 3238 502 3318 prelrendereat,
536 3238 562 3299 si
597 3237 738 3317 placeret
773 3237 849 3316 ipsis
882 3236 1028 3300 occidere
1062 3255 1128 3299 eos
1185 3232 1385 3317 Neapolitani
1414 3239 1471 3288 tem

256 3355 346 3415 lanto
384 3373 419 3415 se
456 3357 644 3415 recusantes
676 3352 867 3415 submittere
900 3351 1053 3433 periculo
1092 3354 1127 3414 ut
1149 3349 1319 3414 Teutonici
1344 3347 1381 3412 illi
1401 3342 1472 3405 extra

255 3467 344 3545 regni
377 3469 517 3531 conlinia
555 3467 635 3530 salvi
669 3467 881 3540 discederent,
924 3486 1119 3530 consensum
1157 3466 1364 3547 prebuerunt.
1403 3456 1472 3531 0¹¹³·

63 3599 239 3651 transenna-¹
256 3586 388 3663 propter
412 3602 466 3646 rex
493 3583 629 3647 liarolus
654 3583 849 3664 quibusdam
874 3582 973 3661 galeis
997 3581 1117 3663 aptatis
1146 3599 1203 3646 eos
1226 3585 1317 3645 extra
1340 3570 1415 3655 regul
1434 3561 1472 3627 ill

256 3696 435 3759 districtum
460 3698 567 3760 salvos
591 3699 768 3779 perducere
792 3697 913 3779 lecit2).

789 3964 971 4045 Cap.7l

363 4132 443 4192 (turn
471 4130 565 4205 icitur
589 4130 773 4193 luriusmodi
807 4135 971 4208 gestorum
1007 4131 1094 4194 lama
1126 4148 1185 4210 per
1212 4128 1363 4212 plurimas
1383 4103 1473 4180 rrruutll

257 4250 365 4325 partes
391 4245 508 4308 dillusa
532 4244 573 4307 ad
599 4265 732 4319 remano
760 4246 894 4308 Francie
919 4243 1066 4307 miranda
1102 4243 1261 4324 pervenit,
1315 4225 1473 4304 paradica<

349 4469 365 4528 ¹)
387 4466 554 4519 Villenueim
574 4466 606 4516 de
626 4466 776 4520 anlorte.
818 4497 848 4504 -
888 4470 906 4527 ⁴)
935 4466 1073 4520 Teotoniei
1102 4467 1148 4536 qui
1176 4466 1286 4521 fuerant
1311 4478 1365 4517 oum
1386 4443 1472 4508 &⁰¹¹¹ill

257 4558 321 4609 Otto
341 4559 367 4610 in
386 4560 476 4609 castro
495 4555 583 4608 sarrcti
603 4554 707 4608 Erasini
727 4556 863 4608 esiverunt
884 4558 911 4621 (u
932 4554 964 4607 de
984 4573 1066 4608 renuo
1085 4556 1113 4618 (tr
1145 4571 1193 4624 por
1219 4571 1294 4608 mtto
1319 4532 1472 4605 (10Μο

256 4647 329 4715 regie
347 4645 448 4700 Karoli.
476 4644 574 4697 Cliton.
594 4644 712 4697 Siculum
731 4649 757 4696 S.
780 4649 819 4698 lu.
