3390 5160
748 310 936 370 -ree-

219 470 361 552 capitulo
388 491 451 534 non
477 472 728 539 contradicente.
765 475 794 536 iu
819 474 1020 554 sterquilinio
1046 477 1194 535 mortuus
1219 475 1277 533 est.
1334 469 1416 533 llcm
1444 469 1472 530 si

218 608 300 667 quos
324 587 501 668 aliquando
526 589 648 670 Symon
673 589 845 670 episcopus
878 609 912 652 se
936 589 985 652 vel
1010 588 1164 651 diocesim
1189 607 1284 650 suam
1309 585 1476 649 hostiliter

218 702 419 764 offendentes
444 702 573 765 fortuna
607 703 665 765 sibi
692 702 820 766 favente
854 701 1111 783 comprehcndit,
1145 720 1229 782 quos
1264 700 1347 763 iuste
1385 699 1475 762 velut

218 815 328 878 hostes
356 817 521 897 punivisse
551 816 719 896 potuisset,
753 816 823 878 illos
857 817 905 879 vel
940 816 1046 880 verbis
1078 815 1138 879 sibi
1167 813 1314 878 subtrahi
1339 812 1475 875 sinebat

218 929 267 992 vel
292 930 323 991 in
348 930 471 1010 carnpis
495 928 584 992 abire
608 930 764 1009 permisit.
818 933 890 1010 lpse
912 929 1060 992 subditos
1083 947 1160 991 suos
1183 927 1283 991 laicos
1306 946 1375 989 non
1401 945 1477 988 cor·

218 1044 309 1119 rexit,
335 1045 476 1107 maxime
501 1043 738 1119 ministeriales
770 1044 889 1125 quibus
912 1063 947 1108 se
972 1043 1067 1106 nimis
1097 1042 1289 1105 familiarem
1323 1040 1477 1104 exhibuit

218 1177 283 1220 non
308 1157 491 1233 advertens,
516 1157 603 1238 quod
629 1158 728 1220 nimia
752 1157 955 1223 familiaritas
986 1157 1072 1238 parit
1099 1158 1336 1237 contemptum.
1387 1155 1479 1219 Con·

219 1271 449 1347 tederaciones,
473 1291 555 1352 quas
580 1271 826 1353 predecessores
850 1272 899 1335 sui
924 1292 998 1336 cum
1021 1272 1221 1353 principibus
1250 1275 1282 1335 et
1306 1270 1480 1334 nobilibus

218 1385 302 1448 soliti
331 1389 424 1448 erant
448 1385 564 1461 facere,
588 1387 657 1468 ipse
680 1406 755 1450 cum
780 1387 1042 1450 ministerialibus
1059 1386 1221 1468 predictis,
1238 1385 1394 1467 quamvis
1414 1385 1480 1447 sibi

219 1500 409 1563 alterutrum
435 1520 520 1563 nexu
544 1500 708 1564 fidelitatis
732 1501 773 1564 de
793 1502 862 1564 iure
895 1501 1059 1565 constricti
1093 1500 1230 1575 fuerant,
1264 1500 1375 1563 facere
1409 1518 1480 1561 non

218 1614 390 1678 recusavit.
437 1614 545 1691 Quare
571 1615 702 1679 tandem
727 1616 861 1696 quidam
886 1635 998 1679 eorum
1024 1616 1228 1695 insurgentes
1255 1617 1480 1678 contraeunt

218 1728 337 1809 publici
361 1729 429 1792 cius
454 1728 565 1792 hostes
588 1730 691 1794 effecti
716 1735 802 1793 sunt.

39 1861 206 1905 iscamari.
310 1843 406 1905 Anno
439 1843 568 1906 Domini
595 1844 678 1907 1388
705 1844 830 1909 decima
861 1848 978 1908 octava
1013 1848 1109 1908 nocte
1138 1843 1260 1908 mensis
1284 1843 1483 1908 Decembris

220 1957 318 2019 habui
354 1957 520 2034 visionem,
559 1979 658 2040 quam
692 1959 733 2022 de
757 1959 936 2040 episcopoa
956 1955 1125 2042 Symoneb
1154 1957 1411 2039 interpretabar,
1449 1962 1482 2020 et

219 2090 295 2135 vera
321 2071 379 2134 fuit
404 2072 641 2153 interpretacio,
665 2074 748 2137 sicut
772 2073 877 2137 exitus
901 2073 947 2136 rei
971 2073 1197 2154 comprobavit
1211 2082 1236 2136 ⁰.
1270 2072 1387 2135 Visum
1404 2073 1484 2154 qui-

222 2186 295 2248 dem
321 2186 419 2249 michi
443 2191 492 2250 cst
516 2188 547 2250 in
572 2208 721 2269 sompno
746 2188 834 2268 quod
865 2187 1009 2252 maxima
1042 2190 1238 2268 tempestate
1268 2193 1327 2250 aer
1361 2187 1483 2251 turba-

220 2303 318 2376 retur,
344 2304 376 2364 ct
400 2301 524 2382 lapides
548 2302 713 2380 grandinis
738 2302 770 2364 in
794 2303 979 2383 quantitate
1003 2301 1164 2365 malorum
1197 2301 1397 2382 punicorum
1422 2321 1483 2365 ca·

219 2413 334 2477 derent
358 2415 390 2477 in
415 2419 535 2478 terram
567 2421 598 2479 et
632 2417 713 2480 ictus
747 2417 880 2480 tonitrui
914 2413 1134 2481 fortissimusd
1163 2415 1325 2498 percussit
1358 2415 1482 2479 turrim

219 2529 352 2592 maioris
377 2530 509 2594 ecclesie
529 2530 845 2607 Paneruurnensisr,
866 2532 970 2612 ipsam
995 2553 1014 2594 a
1038 2549 1168 2594 summo
1192 2530 1277 2594 muri
1301 2548 1408 2611 usque
1435 2531 1482 2594 ad

219 2645 340 2706 terram
366 2643 397 2705 iu
431 2663 496 2706 uno
531 2645 630 2709 latere
663 2645 827 2709 findendo,
876 2645 914 2708 ut
947 2666 1020 2710 ecce
1050 2644 1160 2710 subito
1192 2643 1359 2709 secundus
1392 2644 1485 2709 ictus

125 2740 129 2747 ²
220 2755 337 2820 forcior
360 2756 458 2837 priori
483 2759 676 2822 subsecutus
700 2760 858 2840 percussit
882 2759 986 2841 ipsam
1011 2759 1126 2823 turrim
1161 2762 1194 2822 ct
1228 2757 1369 2840 proiecit
1401 2779 1482 2823 earn

220 2870 408 2947 interram,
434 2876 466 2935 et
490 2873 662 2936 summitas
685 2873 771 2948 tecti,
796 2874 889 2954 quasi
914 2873 1000 2951 ligna
1023 2872 1135 2936 collisa
1168 2872 1209 2936 de
1241 2871 1389 2947 fulmine,
1425 2893 1484 2937 ce·

219 2987 297 3050 cidit
321 3006 419 3068 super
442 2992 531 3051 rotas
555 2989 716 3051 molarum
728 2986 740 3026 l
766 2987 902 3064 Padere,
927 2992 959 3053 et
982 2988 1080 3052 turris
1103 3006 1268 3068 nusquam
1288 2989 1483 3069 comparuit

220 3121 278 3164 nec
303 3101 435 3183 aliquod
461 3103 630 3182 vestigium
656 3123 694 3166 ex
718 3124 767 3180 ea,
792 3102 849 3166 sed
873 3103 1039 3184 quoddam
1065 3102 1227 3166 edificium
1251 3120 1380 3166 novum
1406 3103 1485 3184 pul·

220 3216 334 3279 elirum
360 3217 429 3280 visu
454 3237 617 3281 annexum
643 3218 776 3282 ecclesie
800 3217 831 3280 in
852 3217 923 3281 loco
948 3217 1046 3281 turris
1061 3217 1225 3298 apparuit,
1249 3215 1345 3298 quod
1364 3220 1485 3282 tamen

221 3331 251 3393 in
277 3331 448 3394 altitudine
472 3333 650 3395 summitati
675 3332 808 3395 ecclesie
833 3331 964 3395 fueratss
984 3330 1145 3413 inequale.
1192 3329 1232 3393 Et
1256 3350 1318 3411 ego
1344 3331 1486 3395 territus

221 3443 325 3525 incepi
349 3445 454 3524 legere
478 3450 603 3525 septem
627 3446 771 3526 psalmos
796 3445 1037 3526 penitencialcs,
1071 3448 1103 3508 et
1135 3464 1211 3507 cum
1245 3444 1381 3525 perveni
1408 3443 1485 3509 adh

221 3559 317 3621 linem
343 3559 437 3639 primi
463 3579 574 3622 versus
599 3560 687 3622 tercii
713 3559 839 3639 psalmi,
864 3559 1011 3637 evigilavi
1036 3562 1125 3622 totus
1148 3577 1188 3621 ex
1212 3557 1334 3623 timore
1355 3557 1486 3623 sudore

221 3673 367 3748 madens,
392 3678 424 3737 ct
448 3673 520 3737 licet
544 3674 699 3754 scriptum
726 3675 785 3736 sit:
821 3675 933 3752 ‚Orursi
956 3675 1010 3757 (μα’
1038 3671 1245 3756 apprehendit
1279 3670 1429 3735 arabi-um
1456 3682 1484 3735 et

220 3789 415 3871 persequitur·
436 3794 567 3855 centina.
592 3790 636 3849 sic
658 3795 685 3847 ct
709 3789 763 3872 qm
786 3787 916 3849 attendit
941 3787 983 3847 ‹ul
1008 3788 1072 3849 uisu
1098 3785 1269 3848 rrierufuciu‘
1284 3783 1330 3866 ¹.);
1363 3788 1483 3852 lanrcn

221 3902 297 3982 quia
321 3901 543 3978 subiungitur:
571 3904 733 3984 ,Soinpniu
754 3902 903 3963 crtollunt
923 3901 1143 3983 imprudentior,
1169 3901 1233 3963 crisi
1255 3896 1295 3961 ab
1311 3899 1483 3964 ,illisaimo

218 4015 317 4096 fauit
337 4017 446 4077 ennae
469 4018 614 4078 cisitiicio‘
631 4024 663 4092 ²),
685 4016 767 4081 banc
789 4017 946 4081 visionem
966 4021 1057 4081 ratus
1076 4034 1149 4079 sum
1169 4033 1236 4079 non
1255 4012 1326 4079 fore
1344 4014 1480 4096 penitus

311 4243 325 4269 ¹²
346 4230 403 4298 ipso
424 4229 488 4282 l‘nd.
509 4229 536 4281 L.
557 4228 677 4293 lllruclrl.
753 4228 767 4266 Ι·
786 4230 912 4299 episcopo
931 4233 990 4295 stip!
1010 4229 1070 4281 l’ar.
1089 4247 1133 4283 ιη.
1214 4238 1228 4269 t*
1249 4225 1408 4297 reprobavit
1435 4228 1476 4291 (ro

222 4320 335 4380 ›siclin-t)
357 4316 420 4369 vad
477 4316 491 4355 ¹¹
514 4318 653 4370 fortissimi
674 4318 733 4370 l‘ar.
808 4332 821 4355 ¹²
844 4316 1102 4370 l'ndcrborneusium
1123 4314 1152 4371 ll.
1217 4312 1388 4369 sudorum
1408 4311 1471 4367 rad.

221 4405 307 4457 vluit
328 4404 355 4457 L.
379 4405 432 4457 l'nrl
473 4404 581 4457 Diui-kt
656 4403 996 4470 ¹¹inn.l’au.‹1)ru‹·k).

314 4606 331 4668 ¹)
351 4603 433 4657 Eccli.
452 4605 496 4665 34,
516 4606 540 4656 2.
580 4631 612 4639 —
652 4606 671 4660 ²'t
692 4602 773 4656 Eccli.
793 4603 835 4666 34,
856 4603 880 4655 6.
