<?xml version="1.0" encoding="UTF-8"?>
<!DOCTYPE html PUBLIC "-//W3C//DTD XHTML 1.0 Transitional//EN"
    "http://www.w3.org/TR/xhtml1/DTD/xhtml1-transitional.dtd">
<html xmlns="http://www.w3.org/1999/xhtml" xml:lang="en" lang="en">
 <head>
  <title>
</title>
<meta http-equiv="Content-Type" content="text/html;charset=utf-8" />
  <meta name='ocr-system' content='tesseract 3.04.00' />
  <meta name='ocr-capabilities' content='ocr_page ocr_carea ocr_par ocr_line ocrx_word'/>
</head>
<body>
  <div class='ocr_page' id='page_1' title='image "./cosmidromiusund00persgoog_0141.png"; bbox 0 0 3390 5160; ppageno 0'>
   <div class='ocr_carea' id='block_1_1' title="bbox 753 317 925 371">
    <p class='ocr_par' dir='ltr' id='par_1_1' title="bbox 753 317 925 371">
     <span class='ocr_line' id='line_1_1' title="bbox 753 317 925 371; baseline -0.006 -13"><span class='ocrx_word' id='word_1_1' title='bbox 753 317 925 371; x_wconf 66' lang='lat' dir='ltr'><strong>„u-</strong></span> 
     </span>
    </p>
   </div>
   <div class='ocr_carea' id='block_1_2' title="bbox 214 473 1463 1576">
    <p class='ocr_par' dir='ltr' id='par_1_2' title="bbox 214 473 1463 1576">
     <span class='ocr_line' id='line_1_2' title="bbox 217 473 1460 557; baseline -0.005 -14"><span class='ocrx_word' id='word_1_2' title='bbox 217 480 299 543; x_wconf 85' lang='lat' dir='ltr'><strong>Poto</strong></span> <span class='ocrx_word' id='word_1_3' title='bbox 324 477 464 549; x_wconf 88' lang='lat' dir='ltr'><strong>nomine,</strong></span> <span class='ocrx_word' id='word_1_4' title='bbox 499 473 620 539; x_wconf 87' lang='lat' dir='ltr'><strong>asede</strong></span> <span class='ocrx_word' id='word_1_5' title='bbox 643 475 849 557; x_wconf 78' lang='lat' dir='ltr'><strong>apostotica¹</strong></span> <span class='ocrx_word' id='word_1_6' title='bbox 879 474 1049 538; x_wconf 86' lang='lat' dir='ltr'><strong>ecclesiam</strong></span> <span class='ocrx_word' id='word_1_7' title='bbox 1084 473 1375 539; x_wconf 88' lang='lat' dir='ltr'><strong>Monasteviensem</strong></span> <span class='ocrx_word' id='word_1_8' title='bbox 1408 474 1460 537; x_wconf 89' lang='lat' dir='ltr'><strong>ob-</strong></span> 
     </span>
     <span class='ocr_line' id='line_1_3' title="bbox 216 586 1459 671; baseline -0.004 -15"><span class='ocrx_word' id='word_1_9' title='bbox 216 593 321 657; x_wconf 92' lang='lat' dir='ltr'><strong>tinuit.</strong></span> <span class='ocrx_word' id='word_1_10' title='bbox 369 592 428 655; x_wconf 92' lang='lat' dir='ltr'><strong>Hic</strong></span> <span class='ocrx_word' id='word_1_11' title='bbox 452 591 534 654; x_wconf 89' lang='lat' dir='ltr'><strong>Poto</strong></span> <span class='ocrx_word' id='word_1_12' title='bbox 559 610 632 654; x_wconf 86' lang='lat' dir='ltr'><strong>curn</strong></span> <span class='ocrx_word' id='word_1_13' title='bbox 658 589 756 671; x_wconf 89' lang='lat' dir='ltr'><strong>opido</strong></span> <span class='ocrx_word' id='word_1_14' title='bbox 782 586 949 654; x_wconf 84' lang='lat' dir='ltr'><strong>Hammeb</strong></span> <span class='ocrx_word' id='word_1_15' title='bbox 968 588 1255 671; x_wconf 76' lang='lat' dir='ltr'><strong>appropinquavit,</strong></span> <span class='ocrx_word' id='word_1_16' title='bbox 1277 589 1459 654; x_wconf 87' lang='lat' dir='ltr'><strong>invaserunt</strong></span> 
     </span>
     <span class='ocr_line' id='line_1_4' title="bbox 216 704 1460 788; baseline -0.004 -17"><span class='ocrx_word' id='word_1_17' title='bbox 216 729 289 773; x_wconf 90' lang='lat' dir='ltr'><strong>eum</strong></span> <span class='ocrx_word' id='word_1_18' title='bbox 315 707 447 788; x_wconf 88' lang='lat' dir='ltr'><strong>quidam</strong></span> <span class='ocrx_word' id='word_1_19' title='bbox 474 705 533 769; x_wconf 89' lang='lat' dir='ltr'><strong>sibi</strong></span> <span class='ocrx_word' id='word_1_20' title='bbox 559 704 759 775; x_wconf 81' lang='lat' dir='ltr'><strong>insidiantes,</strong></span> <span class='ocrx_word' id='word_1_21' title='bbox 793 708 825 769; x_wconf 93' lang='lat' dir='ltr'>et</span> <span class='ocrx_word' id='word_1_22' title='bbox 859 704 951 767; x_wconf 89' lang='lat' dir='ltr'><strong>multi</strong></span> <span class='ocrx_word' id='word_1_23' title='bbox 985 704 1026 769; x_wconf 92' lang='lat' dir='ltr'>de</span> <span class='ocrx_word' id='word_1_24' title='bbox 1050 704 1117 767; x_wconf 91' lang='lat' dir='ltr'><strong>suis</strong></span> <span class='ocrx_word' id='word_1_25' title='bbox 1141 704 1302 769; x_wconf 84' lang='lat' dir='ltr'><strong>vulnerati</strong></span> <span class='ocrx_word' id='word_1_26' title='bbox 1327 707 1402 767; x_wconf 91' lang='lat' dir='ltr'><strong>sunt</strong></span> <span class='ocrx_word' id='word_1_27' title='bbox 1432 710 1460 768; x_wconf 89' lang='lat' dir='ltr'><strong>et</strong></span> 
     </span>
     <span class='ocr_line' id='line_1_5' title="bbox 216 818 1460 903; baseline -0.003 -17"><span class='ocrx_word' id='word_1_28' title='bbox 216 823 268 887; x_wconf 90' lang='lat' dir='ltr'><strong>alii</strong></span> <span class='ocrx_word' id='word_1_29' title='bbox 295 821 390 903; x_wconf 74' lang='lat' dir='ltr'><strong>capti.</strong></span> <span class='ocrx_word' id='word_1_30' title='bbox 438 821 510 902; x_wconf 91' lang='lat' dir='ltr'><strong>lpse</strong></span> <span class='ocrx_word' id='word_1_31' title='bbox 535 839 611 883; x_wconf 91' lang='lat' dir='ltr'><strong>vero</strong></span> <span class='ocrx_word' id='word_1_32' title='bbox 637 821 739 884; x_wconf 87' lang='lat' dir='ltr'><strong>evasit</strong></span> <span class='ocrx_word' id='word_1_33' title='bbox 764 823 795 883; x_wconf 94' lang='lat' dir='ltr'><strong>et</strong></span> <span class='ocrx_word' id='word_1_34' title='bbox 820 821 851 882; x_wconf 92' lang='lat' dir='ltr'><strong>in</strong></span> <span class='ocrx_word' id='word_1_35' title='bbox 886 819 1032 901; x_wconf 90' lang='lat' dir='ltr'><strong>predicto</strong></span> <span class='ocrx_word' id='word_1_36' title='bbox 1066 818 1164 901; x_wconf 92' lang='lat' dir='ltr'><strong>opido</strong></span> <span class='ocrx_word' id='word_1_37' title='bbox 1200 838 1329 883; x_wconf 90' lang='lat' dir='ltr'><strong>moram</strong></span> <span class='ocrx_word' id='word_1_38' title='bbox 1357 820 1460 894; x_wconf 76' lang='lat' dir='ltr'><strong>traxit</strong></span> 
     </span>
     <span class='ocr_line' id='line_1_6' title="bbox 216 933 1461 1014; baseline -0.003 -14"><span class='ocrx_word' id='word_1_39' title='bbox 216 937 319 1000; x_wconf 89' lang='lat' dir='ltr'><strong>donec</strong></span> <span class='ocrx_word' id='word_1_40' title='bbox 345 936 431 1000; x_wconf 87' lang='lat' dir='ltr'><strong>cives</strong></span> <span class='ocrx_word' id='word_1_41' title='bbox 455 935 727 999; x_wconf 88' lang='lat' dir='ltr'><strong>Monasterienses</strong></span> <span class='ocrx_word' id='word_1_42' title='bbox 751 955 825 998; x_wconf 88' lang='lat' dir='ltr'><strong>eum</strong></span> <span class='ocrx_word' id='word_1_43' title='bbox 855 934 1032 998; x_wconf 81' lang='lat' dir='ltr'><strong>honorifice</strong></span> <span class='ocrx_word' id='word_1_44' title='bbox 1065 938 1258 1014; x_wconf 87' lang='lat' dir='ltr'><strong>receperunt</strong></span> <span class='ocrx_word' id='word_1_45' title='bbox 1291 933 1334 998; x_wconf 92' lang='lat' dir='ltr'><strong>ad</strong></span> <span class='ocrx_word' id='word_1_46' title='bbox 1368 953 1402 997; x_wconf 91' lang='lat' dir='ltr'><strong>se</strong></span> <span class='ocrx_word' id='word_1_47' title='bbox 1432 938 1461 997; x_wconf 85' lang='lat' dir='ltr'><strong>et</strong></span> 
     </span>
     <span class='ocr_line' id='line_1_7' title="bbox 217 1048 1461 1129; baseline -0.002 -16"><span class='ocrx_word' id='word_1_48' title='bbox 217 1071 330 1115; x_wconf 90' lang='lat' dir='ltr'><strong>versus</strong></span> <span class='ocrx_word' id='word_1_49' title='bbox 368 1050 534 1114; x_wconf 90' lang='lat' dir='ltr'><strong>civitatem</strong></span> <span class='ocrx_word' id='word_1_50' title='bbox 574 1049 864 1114; x_wconf 90' lang='lat' dir='ltr'><strong>Monasteriensem</strong></span> <span class='ocrx_word' id='word_1_51' title='bbox 904 1068 977 1113; x_wconf 91' lang='lat' dir='ltr'><strong>cum</strong></span> <span class='ocrx_word' id='word_1_52' title='bbox 1026 1048 1178 1113; x_wconf 82' lang='lat' dir='ltr'><strong>comitiva</strong></span> <span class='ocrx_word' id='word_1_53' title='bbox 1227 1067 1347 1127; x_wconf 78' lang='lat' dir='ltr'><strong>magna</strong></span> <span class='ocrx_word' id='word_1_54' title='bbox 1393 1068 1461 1129; x_wconf 92' lang='lat' dir='ltr'><strong>per-</strong></span> 
     </span>
     <span class='ocr_line' id='line_1_8' title="bbox 215 1163 1463 1246; baseline -0.002 -17"><span class='ocrx_word' id='word_1_55' title='bbox 215 1166 387 1230; x_wconf 88' lang='lat' dir='ltr'><strong>duxerunt.</strong></span> <span class='ocrx_word' id='word_1_56' title='bbox 435 1164 518 1228; x_wconf 89' lang='lat' dir='ltr'><strong>Nam</strong></span> <span class='ocrx_word' id='word_1_57' title='bbox 543 1183 564 1227; x_wconf 89' lang='lat' dir='ltr'><strong>a</strong></span> <span class='ocrx_word' id='word_1_58' title='bbox 588 1164 665 1230; x_wconf 95' lang='lat' dir='ltr'><strong>sede</strong></span> <span class='ocrx_word' id='word_1_59' title='bbox 697 1165 877 1246; x_wconf 87' lang='lat' dir='ltr'><strong>apostolica</strong></span> <span class='ocrx_word' id='word_1_60' title='bbox 910 1165 1135 1246; x_wconf 90' lang='lat' dir='ltr'><strong>episcopatum</strong></span> <span class='ocrx_word' id='word_1_61' title='bbox 1169 1163 1403 1244; x_wconf 90' lang='lat' dir='ltr'><strong>impetraverat</strong></span> <span class='ocrx_word' id='word_1_62' title='bbox 1434 1169 1463 1227; x_wconf 89' lang='lat' dir='ltr'><strong>et</strong></span> 
     </span>
     <span class='ocr_line' id='line_1_9' title="bbox 215 1276 1462 1361; baseline -0.002 -17"><span class='ocrx_word' id='word_1_63' title='bbox 215 1280 384 1345; x_wconf 79' lang='lat' dir='ltr'><strong>nacionisc</strong></span> <span class='ocrx_word' id='word_1_64' title='bbox 408 1279 513 1344; x_wconf 79' lang='lat' dir='ltr'>aliene</span> <span class='ocrx_word' id='word_1_65' title='bbox 536 1280 696 1357; x_wconf 75' lang='lat' dir='ltr'>extiterat,</span> <span class='ocrx_word' id='word_1_66' title='bbox 721 1280 790 1361; x_wconf 89' lang='lat' dir='ltr'><strong>ipse</strong></span> <span class='ocrx_word' id='word_1_67' title='bbox 814 1284 936 1355; x_wconf 90' lang='lat' dir='ltr'><strong>tamen,</strong></span> <span class='ocrx_word' id='word_1_68' title='bbox 969 1298 1042 1343; x_wconf 90' lang='lat' dir='ltr'><strong>cum</strong></span> <span class='ocrx_word' id='word_1_69' title='bbox 1076 1298 1096 1343; x_wconf 91' lang='lat' dir='ltr'>a</span> <span class='ocrx_word' id='word_1_70' title='bbox 1129 1276 1276 1341; x_wconf 89' lang='lat' dir='ltr'><strong>moribus</strong></span> <span class='ocrx_word' id='word_1_71' title='bbox 1299 1276 1462 1356; x_wconf 77' lang='lat' dir='ltr'><strong>indigena·</strong></span> 
     </span>
     <span class='ocr_line' id='line_1_10' title="bbox 215 1392 1463 1474; baseline -0.003 -14"><span class='ocrx_word' id='word_1_72' title='bbox 215 1417 287 1460; x_wconf 91' lang='lat' dir='ltr'><strong>rum</strong></span> <span class='ocrx_word' id='word_1_73' title='bbox 327 1395 452 1459; x_wconf 84' lang='lat' dir='ltr'><strong>alienus</strong></span> <span class='ocrx_word' id='word_1_74' title='bbox 490 1400 522 1460; x_wconf 93' lang='lat' dir='ltr'><strong>et</strong></span> <span class='ocrx_word' id='word_1_75' title='bbox 559 1394 724 1460; x_wconf 91' lang='lat' dir='ltr'><strong>idiomatis</strong></span> <span class='ocrx_word' id='word_1_76' title='bbox 735 1392 749 1432; x_wconf 78' lang='lat'><strong>⁴¹</strong></span> <span class='ocrx_word' id='word_1_77' title='bbox 790 1395 921 1474; x_wconf 81' lang='lat' dir='ltr'><strong>ignarus</strong></span> <span class='ocrx_word' id='word_1_78' title='bbox 969 1393 1130 1468; x_wconf 84' lang='lat' dir='ltr'>extiterat,</span> <span class='ocrx_word' id='word_1_79' title='bbox 1173 1413 1246 1457; x_wconf 86' lang='lat' dir='ltr'><strong>curn</strong></span> <span class='ocrx_word' id='word_1_80' title='bbox 1290 1392 1463 1472; x_wconf 75' lang='lat' dir='ltr'><strong>ignominia</strong></span> 
     </span>
     <span class='ocr_line' id='line_1_11' title="bbox 214 1511 356 1576; baseline 0 -2"><span class='ocrx_word' id='word_1_81' title='bbox 214 1511 356 1576; x_wconf 84' lang='lat' dir='ltr'>recessit.</span> 
     </span>
    </p>
   </div>
   <div class='ocr_carea' id='block_1_3' title="bbox 747 1699 927 1780">
    <p class='ocr_par' dir='ltr' id='par_1_3' title="bbox 747 1699 927 1780">
     <span class='ocr_line' id='line_1_12' title="bbox 747 1699 927 1780; baseline -0.006 -15"><span class='ocrx_word' id='word_1_82' title='bbox 747 1699 844 1780; x_wconf 88' lang='lat' dir='ltr'><strong>Cap.</strong></span> <span class='ocrx_word' id='word_1_83' title='bbox 870 1701 927 1764; x_wconf 83' lang='lat'><strong>73.</strong></span> 
     </span>
    </p>
   </div>
   <div class='ocr_carea' id='block_1_4' title="bbox 214 1835 1469 3874">
    <p class='ocr_par' dir='ltr' id='par_1_4' title="bbox 214 1835 1469 3874">
     <span class='ocr_line' id='line_1_13' title="bbox 323 1835 1463 1923; baseline -0.002 -18"><span class='ocrx_word' id='word_1_84' title='bbox 323 1842 474 1905; x_wconf 91' lang='lat' dir='ltr'><strong>Urbanus</strong></span> <span class='ocrx_word' id='word_1_85' title='bbox 515 1842 648 1923; x_wconf 89' lang='lat' dir='ltr'><strong>quintus</strong></span> <span class='ocrx_word' id='word_1_86' title='bbox 690 1841 804 1922; x_wconf 79' lang='lat' dir='ltr'><strong>prius⁰</strong></span> <span class='ocrx_word' id='word_1_87' title='bbox 836 1835 963 1904; x_wconf 83' lang='lat' dir='ltr'><strong>abbas¹</strong></span> <span class='ocrx_word' id='word_1_88' title='bbox 997 1840 1119 1904; x_wconf 91' lang='lat' dir='ltr'><strong>ordinis</strong></span> <span class='ocrx_word' id='word_1_89' title='bbox 1156 1840 1261 1904; x_wconf 88' lang='lat' dir='ltr'><strong>sancti</strong></span> <span class='ocrx_word' id='word_1_90' title='bbox 1301 1838 1463 1904; x_wconf 83' lang='lat' dir='ltr'>Benedicti</span> 
     </span>
     <span class='ocr_line' id='line_1_14' title="bbox 214 1952 1463 2038; baseline -0.004 -17"><span class='ocrx_word' id='word_1_91' title='bbox 214 1957 298 2022; x_wconf 92' lang='lat' dir='ltr'><strong>sedit</strong></span> <span class='ocrx_word' id='word_1_92' title='bbox 320 1976 426 2020; x_wconf 92' lang='lat' dir='ltr'><strong>annos</strong></span> <span class='ocrx_word' id='word_1_93' title='bbox 450 1974 568 2019; x_wconf 88' lang='lat' dir='ltr'><strong>novem</strong></span> <span class='ocrx_word' id='word_1_94' title='bbox 582 1955 616 2038; x_wconf 88' lang='lat'><strong>¹).</strong></span> <span class='ocrx_word' id='word_1_95' title='bbox 664 1954 724 2018; x_wconf 89' lang='lat' dir='ltr'><strong>Hic</strong></span> <span class='ocrx_word' id='word_1_96' title='bbox 747 1955 788 2019; x_wconf 89' lang='lat' dir='ltr'><strong>de</strong></span> <span class='ocrx_word' id='word_1_97' title='bbox 813 1955 934 2020; x_wconf 85' lang='lat' dir='ltr'>abbate</span> <span class='ocrx_word' id='word_1_98' title='bbox 957 1956 1062 2021; x_wconf 83' lang='lat' dir='ltr'><strong>factus</strong></span> <span class='ocrx_word' id='word_1_99' title='bbox 1086 1958 1135 2018; x_wconf 88' lang='lat' dir='ltr'><strong>est</strong></span> <span class='ocrx_word' id='word_1_100' title='bbox 1159 1974 1247 2037; x_wconf 90' lang='lat' dir='ltr'><strong>papa</strong></span> <span class='ocrx_word' id='word_1_101' title='bbox 1270 1957 1303 2018; x_wconf 91' lang='lat' dir='ltr'><strong>et</strong></span> <span class='ocrx_word' id='word_1_102' title='bbox 1327 1952 1463 2017; x_wconf 89' lang='lat' dir='ltr'><strong>muitum</strong></span> 
     </span>
     <span class='ocr_line' id='line_1_15' title="bbox 215 2069 1463 2153; baseline -0.002 -17"><span class='ocrx_word' id='word_1_103' title='bbox 215 2070 406 2151; x_wconf 81' lang='lat' dir='ltr'><strong>magnificus</strong></span> <span class='ocrx_word' id='word_1_104' title='bbox 430 2071 489 2134; x_wconf 83' lang='lat' dir='ltr'><strong>fuit</strong></span> <span class='ocrx_word' id='word_1_105' title='bbox 518 2069 666 2136; x_wconf 82' lang='lat' dir='ltr'><strong>intactis</strong></span> <span class='ocrx_word' id='word_1_106' title='bbox 700 2071 776 2135; x_wconf 91' lang='lat' dir='ltr'><strong>suis.</strong></span> <span class='ocrx_word' id='word_1_107' title='bbox 825 2071 921 2135; x_wconf 87' lang='lat' dir='ltr'><strong>Anno</strong></span> <span class='ocrx_word' id='word_1_108' title='bbox 945 2071 1155 2153; x_wconf 88' lang='lat' dir='ltr'><strong>pontificatus</strong></span> <span class='ocrx_word' id='word_1_109' title='bbox 1186 2069 1237 2134; x_wconf 92' lang='lat' dir='ltr'><strong>sui</strong></span> <span class='ocrx_word' id='word_1_110' title='bbox 1265 2069 1371 2152; x_wconf 89' lang='lat' dir='ltr'><strong>primo</strong></span> <span class='ocrx_word' id='word_1_111' title='bbox 1395 2069 1463 2151; x_wconf 86' lang='lat' dir='ltr'><strong>qui·</strong></span> 
     </span>
     <span class='ocr_line' id='line_1_16' title="bbox 214 2184 1463 2265; baseline -0.003 -15"><span class='ocrx_word' id='word_1_112' title='bbox 214 2187 291 2250; x_wconf 86' lang='lat' dir='ltr'><strong>darn</strong></span> <span class='ocrx_word' id='word_1_113' title='bbox 335 2185 383 2249; x_wconf 91' lang='lat' dir='ltr'><strong>vir</strong></span> <span class='ocrx_word' id='word_1_114' title='bbox 424 2186 592 2265; x_wconf 80' lang='lat' dir='ltr'><strong>religiosus</strong></span> <span class='ocrx_word' id='word_1_115' title='bbox 634 2186 733 2249; x_wconf 88' lang='lat' dir='ltr'><strong>frater</strong></span> <span class='ocrx_word' id='word_1_116' title='bbox 766 2185 882 2250; x_wconf 86' lang='lat' dir='ltr'><strong>Petrus</strong></span> <span class='ocrx_word' id='word_1_117' title='bbox 914 2186 955 2250; x_wconf 90' lang='lat' dir='ltr'><strong>de</strong></span> <span class='ocrx_word' id='word_1_118' title='bbox 989 2185 1155 2265; x_wconf 81' lang='lat' dir='ltr'><strong>Aragonia</strong></span> <span class='ocrx_word' id='word_1_119' title='bbox 1195 2184 1321 2249; x_wconf 86' lang='lat' dir='ltr'><strong>ordinis</strong></span> <span class='ocrx_word' id='word_1_120' title='bbox 1363 2185 1463 2249; x_wconf 89' lang='lat' dir='ltr'><strong>sancti</strong></span> 
     </span>
     <span class='ocr_line' id='line_1_17' title="bbox 214 2297 1464 2384; baseline -0.002 -20"><span class='ocrx_word' id='word_1_121' title='bbox 214 2301 403 2365; x_wconf 74' lang='lat' dir='ltr'><strong>F&#39;rancisci¹¹</strong></span> <span class='ocrx_word' id='word_1_122' title='bbox 439 2300 550 2363; x_wconf 89' lang='lat' dir='ltr'><strong>habuit</strong></span> <span class='ocrx_word' id='word_1_123' title='bbox 576 2301 733 2365; x_wconf 85' lang='lat' dir='ltr'><strong>visionem</strong></span> <span class='ocrx_word' id='word_1_124' title='bbox 758 2323 778 2366; x_wconf 91' lang='lat' dir='ltr'><strong>a</strong></span> <span class='ocrx_word' id='word_1_125' title='bbox 802 2300 943 2376; x_wconf 85' lang='lat' dir='ltr'><strong>Christo,</strong></span> <span class='ocrx_word' id='word_1_126' title='bbox 980 2300 1069 2383; x_wconf 89' lang='lat' dir='ltr'><strong>quod</strong></span> <span class='ocrx_word' id='word_1_127' title='bbox 1099 2320 1185 2384; x_wconf 90' lang='lat' dir='ltr'><strong>pape</strong></span> <span class='ocrx_word' id='word_1_128' title='bbox 1209 2299 1342 2375; x_wconf 90' lang='lat' dir='ltr'><strong>diceret,</strong></span> <span class='ocrx_word' id='word_1_129' title='bbox 1367 2303 1403 2363; x_wconf 92' lang='lat' dir='ltr'><strong>ut</strong></span> <span class='ocrx_word' id='word_1_130' title='bbox 1425 2297 1464 2362; x_wconf 89' lang='lat' dir='ltr'><strong>de</strong></span> 
     </span>
     <span class='ocr_line' id='line_1_18' title="bbox 215 2415 1464 2492; baseline -0.001 -13"><span class='ocrx_word' id='word_1_131' title='bbox 215 2415 376 2479; x_wconf 86' lang='lat' dir='ltr'><strong>Avinione</strong></span> <span class='ocrx_word' id='word_1_132' title='bbox 404 2415 578 2490; x_wconf 84' lang='lat' dir='ltr'>recederet,</span> <span class='ocrx_word' id='word_1_133' title='bbox 604 2419 636 2478; x_wconf 93' lang='lat' dir='ltr'>et</span> <span class='ocrx_word' id='word_1_134' title='bbox 660 2415 800 2480; x_wconf 85' lang='lat' dir='ltr'><strong>Romam</strong></span> <span class='ocrx_word' id='word_1_135' title='bbox 826 2436 860 2478; x_wconf 91' lang='lat' dir='ltr'><strong>se</strong></span> <span class='ocrx_word' id='word_1_136' title='bbox 884 2416 1083 2492; x_wconf 76' lang='lat' dir='ltr'>transferret,</span> <span class='ocrx_word' id='word_1_137' title='bbox 1113 2420 1149 2480; x_wconf 93' lang='lat' dir='ltr'><strong>ut</strong></span> <span class='ocrx_word' id='word_1_138' title='bbox 1173 2415 1390 2479; x_wconf 86' lang='lat' dir='ltr'><strong>universalem</strong></span> <span class='ocrx_word' id='word_1_139' title='bbox 1414 2435 1464 2478; x_wconf 92' lang='lat' dir='ltr'>ec·</span> 
     </span>
     <span class='ocr_line' id='line_1_19' title="bbox 214 2529 1464 2612; baseline 0.002 -20"><span class='ocrx_word' id='word_1_140' title='bbox 214 2529 346 2594; x_wconf 89' lang='lat' dir='ltr'><strong>ctesiam</strong></span> <span class='ocrx_word' id='word_1_141' title='bbox 370 2530 402 2591; x_wconf 90' lang='lat' dir='ltr'><strong>in</strong></span> <span class='ocrx_word' id='word_1_142' title='bbox 426 2530 546 2593; x_wconf 90' lang='lat' dir='ltr'><strong>sanctis</strong></span> <span class='ocrx_word' id='word_1_143' title='bbox 571 2531 715 2593; x_wconf 89' lang='lat' dir='ltr'><strong>moribus</strong></span> <span class='ocrx_word' id='word_1_144' title='bbox 739 2531 941 2607; x_wconf 81' lang='lat' dir='ltr'><strong>reformaret,</strong></span> <span class='ocrx_word' id='word_1_145' title='bbox 975 2550 1075 2612; x_wconf 86' lang='lat' dir='ltr'><strong>quarn</strong></span> <span class='ocrx_word' id='word_1_146' title='bbox 1100 2530 1258 2595; x_wconf 87' lang='lat' dir='ltr'><strong>visionem</strong></span> <span class='ocrx_word' id='word_1_147' title='bbox 1293 2529 1379 2594; x_wconf 87' lang='lat' dir='ltr'><strong>idem</strong></span> <span class='ocrx_word' id='word_1_148' title='bbox 1404 2530 1464 2594; x_wconf 84' lang='lat' dir='ltr'><strong>tra·</strong></span> 
     </span>
     <span class='ocr_line' id='line_1_20' title="bbox 214 2643 1464 2727; baseline 0.002 -20"><span class='ocrx_word' id='word_1_149' title='bbox 214 2647 265 2708; x_wconf 88' lang='lat' dir='ltr'><strong>ter</strong></span> <span class='ocrx_word' id='word_1_150' title='bbox 288 2663 374 2724; x_wconf 88' lang='lat' dir='ltr'><strong>pape</strong></span> <span class='ocrx_word' id='word_1_151' title='bbox 397 2643 626 2708; x_wconf 86' lang='lat' dir='ltr'><strong>manifestavit.</strong></span> <span class='ocrx_word' id='word_1_152' title='bbox 675 2644 713 2707; x_wconf 84' lang='lat' dir='ltr'><strong>Et</strong></span> <span class='ocrx_word' id='word_1_153' title='bbox 736 2649 811 2726; x_wconf 90' lang='lat' dir='ltr'><strong>post</strong></span> <span class='ocrx_word' id='word_1_154' title='bbox 836 2644 897 2709; x_wconf 89' lang='lat' dir='ltr'><strong>boc</strong></span> <span class='ocrx_word' id='word_1_155' title='bbox 921 2665 1008 2727; x_wconf 91' lang='lat' dir='ltr'><strong>papa</strong></span> <span class='ocrx_word' id='word_1_156' title='bbox 1037 2645 1213 2711; x_wconf 75' lang='lat' dir='ltr'><strong>transferre</strong></span> <span class='ocrx_word' id='word_1_157' title='bbox 1236 2665 1272 2710; x_wconf 91' lang='lat' dir='ltr'><strong>se</strong></span> <span class='ocrx_word' id='word_1_158' title='bbox 1295 2644 1464 2726; x_wconf 84' lang='lat' dir='ltr'><strong>disposuit,</strong></span> 
     </span>
     <span class='ocr_line' id='line_1_21' title="bbox 215 2756 1465 2841; baseline 0.002 -20"><span class='ocrx_word' id='word_1_159' title='bbox 215 2761 247 2821; x_wconf 92' lang='lat' dir='ltr'>et</span> <span class='ocrx_word' id='word_1_160' title='bbox 271 2778 343 2822; x_wconf 89' lang='lat' dir='ltr'><strong>cum</strong></span> <span class='ocrx_word' id='word_1_161' title='bbox 369 2764 439 2823; x_wconf 89' lang='lat' dir='ltr'><strong>erat</strong></span> <span class='ocrx_word' id='word_1_162' title='bbox 463 2759 495 2822; x_wconf 92' lang='lat' dir='ltr'><strong>in</strong></span> <span class='ocrx_word' id='word_1_163' title='bbox 519 2762 615 2841; x_wconf 85' lang='lat' dir='ltr'><strong>portu</strong></span> <span class='ocrx_word' id='word_1_164' title='bbox 640 2758 780 2824; x_wconf 84' lang='lat' dir='ltr'><strong>Massitie</strong></span> <span class='ocrx_word' id='word_1_165' title='bbox 804 2759 916 2823; x_wconf 87' lang='lat' dir='ltr'><strong>votens</strong></span> <span class='ocrx_word' id='word_1_166' title='bbox 940 2761 1022 2824; x_wconf 87' lang='lat' dir='ltr'><strong>mari</strong></span> <span class='ocrx_word' id='word_1_167' title='bbox 1046 2780 1082 2825; x_wconf 92' lang='lat' dir='ltr'><strong>se</strong></span> <span class='ocrx_word' id='word_1_168' title='bbox 1093 2756 1109 2799; x_wconf 84' lang='lat'><strong>¹¹</strong></span> <span class='ocrx_word' id='word_1_169' title='bbox 1126 2760 1342 2834; x_wconf 87' lang='lat' dir='ltr'>committere,</span> <span class='ocrx_word' id='word_1_170' title='bbox 1375 2779 1465 2824; x_wconf 90' lang='lat' dir='ltr'><strong>reve-</strong></span> 
     </span>
     <span class='ocr_line' id='line_1_22' title="bbox 215 2869 1466 2956; baseline 0.002 -21"><span class='ocrx_word' id='word_1_171' title='bbox 215 2873 318 2938; x_wconf 85' lang='lat' dir='ltr'><strong>latum</strong></span> <span class='ocrx_word' id='word_1_172' title='bbox 343 2877 392 2937; x_wconf 89' lang='lat' dir='ltr'><strong>est</strong></span> <span class='ocrx_word' id='word_1_173' title='bbox 415 2869 539 2937; x_wconf 86' lang='lat' dir='ltr'><strong>eidemi</strong></span> <span class='ocrx_word' id='word_1_174' title='bbox 569 2873 669 2948; x_wconf 88' lang='lat' dir='ltr'><strong>fratri,</strong></span> <span class='ocrx_word' id='word_1_175' title='bbox 694 2874 782 2955; x_wconf 83' lang='lat' dir='ltr'><strong>quod</strong></span> <span class='ocrx_word' id='word_1_176' title='bbox 808 2875 833 2937; x_wconf 88' lang='lat' dir='ltr'><strong>si</strong></span> <span class='ocrx_word' id='word_1_177' title='bbox 854 2894 942 2956; x_wconf 87' lang='lat' dir='ltr'><strong>papa</strong></span> <span class='ocrx_word' id='word_1_178' title='bbox 967 2874 1087 2940; x_wconf 88' lang='lat' dir='ltr'>rediret</span> <span class='ocrx_word' id='word_1_179' title='bbox 1111 2875 1152 2939; x_wconf 90' lang='lat' dir='ltr'><strong>ad</strong></span> <span class='ocrx_word' id='word_1_180' title='bbox 1176 2874 1285 2939; x_wconf 91' lang='lat' dir='ltr'><strong>locum</strong></span> <span class='ocrx_word' id='word_1_181' title='bbox 1309 2873 1412 2950; x_wconf 92' lang='lat' dir='ltr'><strong>ittum,</strong></span> <span class='ocrx_word' id='word_1_182' title='bbox 1435 2874 1466 2937; x_wconf 91' lang='lat' dir='ltr'><strong>iu</strong></span> 
     </span>
     <span class='ocr_line' id='line_1_23' title="bbox 215 2989 1468 3071; baseline 0.001 -20"><span class='ocrx_word' id='word_1_183' title='bbox 215 3008 280 3069; x_wconf 86' lang='lat' dir='ltr'><strong>quo</strong></span> <span class='ocrx_word' id='word_1_184' title='bbox 314 2989 436 3052; x_wconf 89' lang='lat' dir='ltr'><strong>electus</strong></span> <span class='ocrx_word' id='word_1_185' title='bbox 468 2993 539 3052; x_wconf 92' lang='lat' dir='ltr'><strong>erat</strong></span> <span class='ocrx_word' id='word_1_186' title='bbox 572 2989 604 3051; x_wconf 94' lang='lat' dir='ltr'><strong>in</strong></span> <span class='ocrx_word' id='word_1_187' title='bbox 637 3009 770 3070; x_wconf 85' lang='lat' dir='ltr'><strong>papam,</strong></span> <span class='ocrx_word' id='word_1_188' title='bbox 806 2990 874 3071; x_wconf 88' lang='lat' dir='ltr'><strong>ipse</strong></span> <span class='ocrx_word' id='word_1_189' title='bbox 907 2991 1090 3055; x_wconf 85' lang='lat' dir='ltr'><strong>efficeretur</strong></span> <span class='ocrx_word' id='word_1_190' title='bbox 1122 2990 1225 3054; x_wconf 87' lang='lat' dir='ltr'><strong>losias</strong></span> <span class='ocrx_word' id='word_1_191' title='bbox 1255 2989 1413 3071; x_wconf 89' lang='lat' dir='ltr'><strong>incipiens</strong></span> <span class='ocrx_word' id='word_1_192' title='bbox 1435 2993 1468 3052; x_wconf 91' lang='lat' dir='ltr'><strong>et</strong></span> 
     </span>
     <span class='ocr_line' id='line_1_24' title="bbox 216 3099 1467 3186; baseline 0 -19"><span class='ocrx_word' id='word_1_193' title='bbox 216 3099 308 3167; x_wconf 71' lang='lat' dir='ltr'><strong>non¹¹</strong></span> <span class='ocrx_word' id='word_1_194' title='bbox 329 3103 508 3184; x_wconf 67' lang='lat' dir='ltr'><strong>perficiens</strong></span> <span class='ocrx_word' id='word_1_195' title='bbox 533 3107 565 3166; x_wconf 90' lang='lat' dir='ltr'><strong>et</strong></span> <span class='ocrx_word' id='word_1_196' title='bbox 589 3124 654 3167; x_wconf 91' lang='lat' dir='ltr'><strong>non</strong></span> <span class='ocrx_word' id='word_1_197' title='bbox 679 3104 781 3167; x_wconf 89' lang='lat' dir='ltr'><strong>David</strong></span> <span class='ocrx_word' id='word_1_198' title='bbox 808 3104 963 3185; x_wconf 88' lang='lat' dir='ltr'><strong>incipiens</strong></span> <span class='ocrx_word' id='word_1_199' title='bbox 987 3109 1019 3170; x_wconf 92' lang='lat' dir='ltr'><strong>et</strong></span> <span class='ocrx_word' id='word_1_200' title='bbox 1042 3101 1250 3186; x_wconf 85' lang='lat' dir='ltr'><strong>perficiens¹,</strong></span> <span class='ocrx_word' id='word_1_201' title='bbox 1275 3107 1308 3168; x_wconf 91' lang='lat' dir='ltr'><strong>et</strong></span> <span class='ocrx_word' id='word_1_202' title='bbox 1331 3103 1467 3168; x_wconf 87' lang='lat' dir='ltr'><strong>daturus</strong></span> 
     </span>
     <span class='ocr_line' id='line_1_25' title="bbox 215 3217 1469 3301; baseline 0.001 -21"><span class='ocrx_word' id='word_1_203' title='bbox 215 3222 299 3282; x_wconf 89' lang='lat' dir='ltr'><strong>esset</strong></span> <span class='ocrx_word' id='word_1_204' title='bbox 325 3217 431 3281; x_wconf 89' lang='lat' dir='ltr'><strong>iocum</strong></span> <span class='ocrx_word' id='word_1_205' title='bbox 457 3218 601 3281; x_wconf 85' lang='lat' dir='ltr'><strong>scismati</strong></span> <span class='ocrx_word' id='word_1_206' title='bbox 626 3219 657 3281; x_wconf 92' lang='lat' dir='ltr'><strong>in</strong></span> <span class='ocrx_word' id='word_1_207' title='bbox 682 3220 831 3299; x_wconf 83' lang='lat' dir='ltr'><strong>proximo</strong></span> <span class='ocrx_word' id='word_1_208' title='bbox 856 3224 1004 3297; x_wconf 90' lang='lat' dir='ltr'><strong>venturo,</strong></span> <span class='ocrx_word' id='word_1_209' title='bbox 1029 3220 1061 3284; x_wconf 94' lang='lat' dir='ltr'><strong>in</strong></span> <span class='ocrx_word' id='word_1_210' title='bbox 1084 3239 1151 3301; x_wconf 82' lang='lat' dir='ltr'><strong>quo</strong></span> <span class='ocrx_word' id='word_1_211' title='bbox 1175 3219 1262 3284; x_wconf 87' lang='lat' dir='ltr'><strong>mille</strong></span> <span class='ocrx_word' id='word_1_212' title='bbox 1285 3218 1376 3284; x_wconf 88' lang='lat' dir='ltr'><strong>mitia</strong></span> <span class='ocrx_word' id='word_1_213' title='bbox 1399 3218 1469 3284; x_wconf 88' lang='lat' dir='ltr'><strong>ani·</strong></span> 
     </span>
     <span class='ocr_line' id='line_1_26' title="bbox 215 3333 1467 3416; baseline 0.003 -21"><span class='ocrx_word' id='word_1_214' title='bbox 215 3351 343 3395; x_wconf 85' lang='lat' dir='ltr'><strong>marum</strong></span> <span class='ocrx_word' id='word_1_215' title='bbox 368 3336 476 3397; x_wconf 87' lang='lat' dir='ltr'><strong>essent</strong></span> <span class='ocrx_word' id='word_1_216' title='bbox 500 3333 653 3413; x_wconf 87' lang='lat' dir='ltr'><strong>peritura.</strong></span> <span class='ocrx_word' id='word_1_217' title='bbox 702 3334 739 3398; x_wconf 86' lang='lat' dir='ltr'><strong>Et</strong></span> <span class='ocrx_word' id='word_1_218' title='bbox 776 3335 861 3399; x_wconf 88' lang='lat' dir='ltr'><strong>idem</strong></span> <span class='ocrx_word' id='word_1_219' title='bbox 886 3336 986 3399; x_wconf 85' lang='lat' dir='ltr'><strong>irater</strong></span> <span class='ocrx_word' id='word_1_220' title='bbox 1009 3334 1069 3398; x_wconf 92' lang='lat' dir='ltr'><strong>hec</strong></span> <span class='ocrx_word' id='word_1_221' title='bbox 1093 3334 1213 3399; x_wconf 90' lang='lat' dir='ltr'><strong>ibidem</strong></span> <span class='ocrx_word' id='word_1_222' title='bbox 1237 3353 1324 3416; x_wconf 86' lang='lat' dir='ltr'><strong>pape</strong></span> <span class='ocrx_word' id='word_1_223' title='bbox 1348 3333 1467 3399; x_wconf 85' lang='lat' dir='ltr'><strong>retutit</strong></span> 
     </span>
     <span class='ocr_line' id='line_1_27' title="bbox 215 3446 1468 3531; baseline 0.002 -21"><span class='ocrx_word' id='word_1_224' title='bbox 215 3446 253 3510; x_wconf 84' lang='lat' dir='ltr'><strong>Et</strong></span> <span class='ocrx_word' id='word_1_225' title='bbox 277 3447 394 3511; x_wconf 90' lang='lat' dir='ltr'><strong>deinde</strong></span> <span class='ocrx_word' id='word_1_226' title='bbox 418 3448 570 3511; x_wconf 89' lang='lat' dir='ltr'><strong>Urbanus</strong></span> <span class='ocrx_word' id='word_1_227' title='bbox 599 3469 685 3531; x_wconf 90' lang='lat' dir='ltr'><strong>papa</strong></span> <span class='ocrx_word' id='word_1_228' title='bbox 710 3449 851 3514; x_wconf 88' lang='lat' dir='ltr'><strong>Romam</strong></span> <span class='ocrx_word' id='word_1_229' title='bbox 877 3470 911 3514; x_wconf 93' lang='lat' dir='ltr'><strong>se</strong></span> <span class='ocrx_word' id='word_1_230' title='bbox 935 3450 1110 3524; x_wconf 86' lang='lat' dir='ltr'><strong>transtulit,</strong></span> <span class='ocrx_word' id='word_1_231' title='bbox 1146 3454 1179 3514; x_wconf 93' lang='lat' dir='ltr'>et</span> <span class='ocrx_word' id='word_1_232' title='bbox 1214 3449 1317 3514; x_wconf 89' lang='lat' dir='ltr'><strong>multa</strong></span> <span class='ocrx_word' id='word_1_233' title='bbox 1347 3449 1468 3514; x_wconf 89' lang='lat' dir='ltr'><strong>ibidem</strong></span> 
     </span>
     <span class='ocr_line' id='line_1_28' title="bbox 215 3562 1469 3646; baseline 0.003 -21"><span class='ocrx_word' id='word_1_234' title='bbox 215 3562 396 3643; x_wconf 84' lang='lat' dir='ltr'><strong>expedivit;</strong></span> <span class='ocrx_word' id='word_1_235' title='bbox 427 3562 559 3627; x_wconf 89' lang='lat' dir='ltr'><strong>tandem</strong></span> <span class='ocrx_word' id='word_1_236' title='bbox 584 3564 653 3645; x_wconf 91' lang='lat' dir='ltr'><strong>ipse</strong></span> <span class='ocrx_word' id='word_1_237' title='bbox 677 3568 850 3646; x_wconf 84' lang='lat' dir='ltr'><strong>parentum</strong></span> <span class='ocrx_word' id='word_1_238' title='bbox 875 3566 994 3630; x_wconf 79' lang='lat' dir='ltr'><strong>affectu</strong></span> <span class='ocrx_word' id='word_1_239' title='bbox 1019 3571 1050 3630; x_wconf 92' lang='lat' dir='ltr'><strong>et</strong></span> <span class='ocrx_word' id='word_1_240' title='bbox 1074 3565 1255 3629; x_wconf 89' lang='lat' dir='ltr'><strong>amicorum</strong></span> <span class='ocrx_word' id='word_1_241' title='bbox 1290 3574 1365 3629; x_wconf 81' lang='lat' dir='ltr'><strong>ac¹¹²</strong></span> <span class='ocrx_word' id='word_1_242' title='bbox 1398 3583 1469 3629; x_wconf 86' lang='lat' dir='ltr'><strong>car·</strong></span> 
     </span>
     <span class='ocr_line' id='line_1_29' title="bbox 214 3677 1468 3761; baseline 0.002 -21"><span class='ocrx_word' id='word_1_243' title='bbox 214 3677 370 3741; x_wconf 90' lang='lat' dir='ltr'><strong>dinatium</strong></span> <span class='ocrx_word' id='word_1_244' title='bbox 395 3678 530 3742; x_wconf 84' lang='lat' dir='ltr'><strong>consilio</strong></span> <span class='ocrx_word' id='word_1_245' title='bbox 554 3678 689 3744; x_wconf 86' lang='lat' dir='ltr'><strong>allectus</strong></span> <span class='ocrx_word' id='word_1_246' title='bbox 715 3680 910 3745; x_wconf 85' lang='lat' dir='ltr'><strong>Avinionern</strong></span> <span class='ocrx_word' id='word_1_247' title='bbox 944 3679 1049 3746; x_wconf 89' lang='lat' dir='ltr'><strong>redire</strong></span> <span class='ocrx_word' id='word_1_248' title='bbox 1072 3679 1244 3761; x_wconf 77' lang='lat' dir='ltr'><strong>disposuit„</strong></span> <span class='ocrx_word' id='word_1_249' title='bbox 1291 3679 1384 3743; x_wconf 88' lang='lat' dir='ltr'><strong>Tunc</strong></span> <span class='ocrx_word' id='word_1_250' title='bbox 1409 3677 1468 3743; x_wconf 94' lang='lat' dir='ltr'><strong>do·</strong></span> 
     </span>
     <span class='ocr_line' id='line_1_30' title="bbox 215 3792 1466 3874; baseline 0.003 -19"><span class='ocrx_word' id='word_1_251' title='bbox 215 3793 302 3857; x_wconf 91' lang='lat' dir='ltr'><strong>mina</strong></span> <span class='ocrx_word' id='word_1_252' title='bbox 336 3792 465 3869; x_wconf 69' lang='lat' dir='ltr'><strong>Briaida</strong></span> <span class='ocrx_word' id='word_1_253' title='bbox 499 3792 604 3858; x_wconf 87' lang='lat' dir='ltr'><strong>Rome</strong></span> <span class='ocrx_word' id='word_1_254' title='bbox 636 3795 779 3859; x_wconf 89' lang='lat' dir='ltr'><strong>existens</strong></span> <span class='ocrx_word' id='word_1_255' title='bbox 812 3795 891 3858; x_wconf 89' lang='lat' dir='ltr'><strong>vidit</strong></span> <span class='ocrx_word' id='word_1_256' title='bbox 923 3796 953 3859; x_wconf 91' lang='lat' dir='ltr'><strong>in</strong></span> <span class='ocrx_word' id='word_1_257' title='bbox 989 3795 1112 3859; x_wconf 90' lang='lat' dir='ltr'><strong>visione</strong></span> <span class='ocrx_word' id='word_1_258' title='bbox 1141 3794 1274 3860; x_wconf 89' lang='lat' dir='ltr'><strong>beatam</strong></span> <span class='ocrx_word' id='word_1_259' title='bbox 1308 3794 1466 3874; x_wconf 74' lang='lat' dir='ltr'><strong>virginem</strong></span> 
     </span>
    </p>
   </div>
   <div class='ocr_carea' id='block_1_5' title="bbox 214 4003 1504 4500">
    <p class='ocr_par' dir='ltr' id='par_1_5' title="bbox 214 4003 1504 4500">
     <span class='ocr_line' id='line_1_31' title="bbox 304 4003 1493 4074; baseline 0.003 -19"><span class='ocrx_word' id='word_1_260' title='bbox 304 4014 319 4042; x_wconf 82' lang='lat'>⁸</span> <span class='ocrx_word' id='word_1_261' title='bbox 340 4020 357 4055; x_wconf 83' lang='lat' dir='ltr'><strong>a</strong></span> <span class='ocrx_word' id='word_1_262' title='bbox 374 4003 438 4057; x_wconf 85' lang='lat' dir='ltr'><strong>sedo</strong></span> <span class='ocrx_word' id='word_1_263' title='bbox 457 4005 605 4074; x_wconf 84' lang='lat' dir='ltr'><strong>apostolica</strong></span> <span class='ocrx_word' id='word_1_264' title='bbox 625 4009 694 4058; x_wconf 70' lang='lat' dir='ltr'><strong>iteca!</strong></span> <span class='ocrx_word' id='word_1_265' title='bbox 714 4005 742 4060; x_wconf 77' lang='lat'><strong>1..</strong></span> <span class='ocrx_word' id='word_1_266' title='bbox 763 4005 887 4065; x_wconf 80' lang='lat' dir='ltr'><strong>tDmckt.</strong></span> <span class='ocrx_word' id='word_1_267' title='bbox 960 4004 1058 4060; x_wconf 74' lang='lat' dir='ltr'><strong>bium</strong></span> <span class='ocrx_word' id='word_1_268' title='bbox 1077 4005 1154 4061; x_wconf 72' lang='lat' dir='ltr'><strong>Caso.</strong></span> <span class='ocrx_word' id='word_1_269' title='bbox 1228 4015 1243 4047; x_wconf 78' lang='lat'><strong>⁶</strong></span> <span class='ocrx_word' id='word_1_270' title='bbox 1266 4004 1387 4060; x_wconf 67' lang='lat' dir='ltr'><strong>nunionis</strong></span> <span class='ocrx_word' id='word_1_271' title='bbox 1399 4003 1493 4059; x_wconf 69' lang='lat' dir='ltr'><strong>rod.</strong></span> 
     </span>
     <span class='ocr_line' id='line_1_32' title="bbox 215 4089 1504 4164; baseline -0.002 -19"><span class='ocrx_word' id='word_1_272' title='bbox 215 4089 393 4145; x_wconf 80' lang='lat' dir='ltr'><strong>didoornntin</strong></span> <span class='ocrx_word' id='word_1_273' title='bbox 426 4092 485 4146; x_wconf 78' lang='lat' dir='ltr'>Per.</span> <span class='ocrx_word' id='word_1_274' title='bbox 568 4106 580 4133; x_wconf 73' lang='lat'><em>⁰</em></span> <span class='ocrx_word' id='word_1_275' title='bbox 605 4094 720 4163; x_wconf 87' lang='lat' dir='ltr'><strong>primurn</strong></span> <span class='ocrx_word' id='word_1_276' title='bbox 740 4093 862 4160; x_wconf 80' lang='lat' dir='ltr'><strong>(Druck).</strong></span> <span class='ocrx_word' id='word_1_277' title='bbox 949 4092 962 4135; x_wconf 71' lang='lat' dir='ltr'>s</span> <span class='ocrx_word' id='word_1_278' title='bbox 987 4094 1061 4164; x_wconf 88' lang='lat' dir='ltr'><strong>prius</strong></span> <span class='ocrx_word' id='word_1_279' title='bbox 1079 4093 1165 4148; x_wconf 69' lang='lat' dir='ltr'><strong>obbas</strong></span> <span class='ocrx_word' id='word_1_280' title='bbox 1191 4112 1236 4145; x_wconf 74' lang='lat' dir='ltr'><strong>am</strong></span> <span class='ocrx_word' id='word_1_281' title='bbox 1256 4095 1354 4148; x_wconf 74' lang='lat' dir='ltr'><strong>Raude</strong></span> <span class='ocrx_word' id='word_1_282' title='bbox 1375 4097 1504 4161; x_wconf 64' lang='grc' dir='ltr'><strong>υμνοι·</strong></span> 
     </span>
     <span class='ocr_line' id='line_1_33' title="bbox 215 4179 1490 4252; baseline -0.001 -21"><span class='ocrx_word' id='word_1_283' title='bbox 215 4181 409 4247; x_wconf 73' lang='lat' dir='ltr'><strong>nocbpctrcpen</strong></span> <span class='ocrx_word' id='word_1_284' title='bbox 438 4179 513 4236; x_wconf 82' lang='lat' dir='ltr'><strong>Cass.</strong></span> <span class='ocrx_word' id='word_1_285' title='bbox 586 4181 687 4234; x_wconf 65' lang='lat' dir='ltr'>crud.</span> <span class='ocrx_word' id='word_1_286' title='bbox 716 4185 762 4235; x_wconf 77' lang='lat' dir='ltr'><strong>hot</strong></span> <span class='ocrx_word' id='word_1_287' title='bbox 790 4187 834 4236; x_wconf 80' lang='lat' dir='ltr'><strong>dtr</strong></span> <span class='ocrx_word' id='word_1_288' title='bbox 864 4187 950 4237; x_wconf 76' lang='lat' dir='ltr'><strong>Feder</strong></span> <span class='ocrx_word' id='word_1_289' title='bbox 977 4203 1012 4237; x_wconf 76' lang='lat' dir='ltr'><strong>zu</strong></span> <span class='ocrx_word' id='word_1_290' title='bbox 1035 4181 1087 4237; x_wconf 85' lang='lat' dir='ltr'><strong>ben</strong></span> <span class='ocrx_word' id='word_1_291' title='bbox 1114 4190 1256 4252; x_wconf 74' lang='lat' dir='ltr'><strong>onpwetet,</strong></span> <span class='ocrx_word' id='word_1_292' title='bbox 1288 4184 1374 4235; x_wconf 74' lang='lat' dir='ltr'><strong>diam</strong></span> <span class='ocrx_word' id='word_1_293' title='bbox 1391 4182 1490 4233; x_wconf 73' lang='lat' dir='ltr'><strong>dcun</strong></span> 
     </span>
     <span class='ocr_line' id='line_1_34' title="bbox 216 4267 1488 4340; baseline 0.003 -20"><span class='ocrx_word' id='word_1_294' title='bbox 216 4270 431 4321; x_wconf 66' lang='lat' dir='ltr'><strong>durchctricben.</strong></span> <span class='ocrx_word' id='word_1_295' title='bbox 504 4267 520 4308; x_wconf 71' lang='lat'><strong>¹¹</strong></span> <span class='ocrx_word' id='word_1_296' title='bbox 541 4288 570 4323; x_wconf 86' lang='lat' dir='ltr'><strong>se</strong></span> <span class='ocrx_word' id='word_1_297' title='bbox 589 4271 655 4324; x_wconf 81' lang='lat' dir='ltr'><strong>mari</strong></span> <span class='ocrx_word' id='word_1_298' title='bbox 677 4275 704 4323; x_wconf 86' lang='lat' dir='ltr'><strong>in</strong></span> <span class='ocrx_word' id='word_1_299' title='bbox 724 4270 809 4336; x_wconf 74' lang='lat' dir='ltr'><strong>Cass,</strong></span> <span class='ocrx_word' id='word_1_300' title='bbox 824 4275 920 4338; x_wconf 81' lang='lat' dir='ltr'><strong>jedocir</strong></span> <span class='ocrx_word' id='word_1_301' title='bbox 940 4276 987 4324; x_wconf 75' lang='lat' dir='ltr'><strong>nit!</strong></span> <span class='ocrx_word' id='word_1_302' title='bbox 1012 4271 1305 4340; x_wconf 60' lang='lat' dir='ltr'><strong>Urnaetzunputricdeu</strong></span> <span class='ocrx_word' id='word_1_303' title='bbox 1323 4273 1385 4333; x_wconf 79' lang='lat' dir='ltr'><strong>(m</strong></span> <span class='ocrx_word' id='word_1_304' title='bbox 1401 4272 1488 4337; x_wconf 63' lang='grc' dir='ltr'><strong>φ’*</strong></span> 
     </span>
     <span class='ocr_line' id='line_1_35' title="bbox 214 4357 1478 4427; baseline 0.006 -19"><span class='ocrx_word' id='word_1_305' title='bbox 214 4366 288 4409; x_wconf 76' lang='lat' dir='ltr'><strong>terei·</strong></span> <span class='ocrx_word' id='word_1_306' title='bbox 308 4360 428 4413; x_wconf 63' lang='lat' dir='ltr'><strong>Hirmit)</strong></span> <span class='ocrx_word' id='word_1_307' title='bbox 455 4361 584 4411; x_wconf 68' lang='lat' dir='ltr'><strong>reinduero.</strong></span> <span class='ocrx_word' id='word_1_308' title='bbox 660 4357 666 4398; x_wconf 64' lang='grc' dir='ltr'>ί</span> <span class='ocrx_word' id='word_1_309' title='bbox 696 4360 766 4413; x_wconf 85' lang='lat' dir='ltr'><strong>idern</strong></span> <span class='ocrx_word' id='word_1_310' title='bbox 787 4361 851 4415; x_wconf 79' lang='lat' dir='ltr'>Pad.</span> <span class='ocrx_word' id='word_1_311' title='bbox 934 4359 1041 4414; x_wconf 57' lang='lat' dir='ltr'><strong>*decet</strong></span> <span class='ocrx_word' id='word_1_312' title='bbox 1059 4359 1121 4414; x_wconf 73' lang='lat' dir='ltr'><strong>Pur.</strong></span> <span class='ocrx_word' id='word_1_313' title='bbox 1211 4357 1221 4401; x_wconf 86' lang='lat'>¹</span> <span class='ocrx_word' id='word_1_314' title='bbox 1249 4362 1278 4415; x_wconf 76' lang='lat' dir='ltr'><strong>ot</strong></span> <span class='ocrx_word' id='word_1_315' title='bbox 1296 4370 1478 4427; x_wconf 64' lang='lat' dir='ltr'><strong>non-PC·</strong></span> 
     </span>
     <span class='ocr_line' id='line_1_36' title="bbox 215 4445 723 4500; baseline 0.002 -1"><span class='ocrx_word' id='word_1_316' title='bbox 215 4445 310 4499; x_wconf 84' lang='lat' dir='ltr'><strong>ticieus</strong></span> <span class='ocrx_word' id='word_1_317' title='bbox 330 4464 384 4498; x_wconf 75' lang='lat' dir='ltr'><strong>nrcr</strong></span> <span class='ocrx_word' id='word_1_318' title='bbox 403 4449 430 4497; x_wconf 81' lang='lat' dir='ltr'><strong>tn</strong></span> <span class='ocrx_word' id='word_1_319' title='bbox 451 4445 526 4499; x_wconf 81' lang='lat' dir='ltr'><strong>Cass.</strong></span> <span class='ocrx_word' id='word_1_320' title='bbox 600 4458 624 4485; x_wconf 90' lang='lat'><strong>¹¹¹</strong></span> <span class='ocrx_word' id='word_1_321' title='bbox 649 4451 677 4500; x_wconf 90' lang='lat' dir='ltr'><strong>et</strong></span> <span class='ocrx_word' id='word_1_322' title='bbox 695 4447 723 4500; x_wconf 64' lang='grc' dir='ltr'><strong>Ῐι.</strong></span> 
     </span>
    </p>
   </div>
   <div class='ocr_carea' id='block_1_6' title="bbox 309 4639 813 4707">
    <p class='ocr_par' dir='ltr' id='par_1_6' title="bbox 309 4639 813 4707">
     <span class='ocr_line' id='line_1_37' title="bbox 309 4639 813 4707; baseline 0 -13"><span class='ocrx_word' id='word_1_323' title='bbox 309 4639 327 4706; x_wconf 85' lang='lat'><strong>¹)</strong></span> <span class='ocrx_word' id='word_1_324' title='bbox 348 4643 417 4694; x_wconf 81' lang='lat' dir='ltr'><strong>raca</strong></span> <span class='ocrx_word' id='word_1_325' title='bbox 435 4641 505 4707; x_wconf 57' lang='lat' dir='ltr'><strong>svp.</strong></span> <span class='ocrx_word' id='word_1_326' title='bbox 526 4644 668 4693; x_wconf 74' lang='lat' dir='ltr'><strong>err-1³70</strong></span> <span class='ocrx_word' id='word_1_327' title='bbox 688 4644 750 4694; x_wconf 69' lang='lat' dir='ltr'><strong>nn.</strong></span> <span class='ocrx_word' id='word_1_328' title='bbox 773 4648 813 4694; x_wconf 81' lang='lat' dir='ltr'><strong>n.</strong></span> 
     </span>
    </p>
   </div>
   <div class='ocr_carea' id='block_1_7' title="bbox 0 0 1703 5160">
    <p class='ocr_par' dir='ltr' id='par_1_7' title="bbox 0 0 1703 5160">
     <span class='ocr_line' id='line_1_38' title="bbox 0 0 1703 5160; baseline 0 0"><span class='ocrx_word' id='word_1_329' title='bbox 0 0 1703 5160; x_wconf 95' lang='lat' dir='ltr'><strong> </strong></span> 
     </span>
    </p>
   </div>
  </div>
 </body>
</html>
