3390 5160
749 335 938 390 „237-.

219 488 306 553 enim
334 488 442 554 nullus
475 509 512 555 ex
536 491 700 556 asseribus
724 490 800 556 dolii
834 493 966 575 perlecti
989 492 1196 575 quidquam¹⁸
1216 491 1383 574 proprium
1407 489 1467 554 sibi

220 603 381 681 vendicat,
401 604 458 668 sed
478 625 591 669 onmes
606 611 736 670 servato
751 607 800 670 sui
820 607 902 671 situs
915 607 1029 671 ordine
1047 607 1090 671 ad
1105 607 1245 672 eundem
1261 623 1468 671 communem

219 737 316 783 usum
336 721 439 784 tocius
462 721 606 803 corporis
631 740 713 803 eque
737 722 892 799 serviunt,
918 723 982 786 rim
1006 722 1208 788 continencie
1231 722 1353 786 lluxum
1378 725 1470 785 trans

218 851 256 897 se
278 832 347 897 lleri
370 833 552 898 cohibendo
575 839 707 900 servant
718 831 743 911 b,
775 855 834 900 nec
858 856 969 900 eomrn
995 836 1111 918 aliquis
1130 857 1150 901 a
1169 841 1284 900 mutua
1313 834 1470 899 servitute

219 948 381 1012 exorbitat
404 953 462 1013 aut
485 949 527 1013 ab
551 949 702 1030 amplexu
727 949 930 1015 fundamenti
954 951 1002 1014 sui
1026 949 1148 1014 ordinis
1180 968 1323 1015 nexuum
1356 947 1470 1013 ohedi-

220 1062 313 1127 encia
337 1063 530 1128 constrictus
553 1063 680 1128 deviat:
705 1065 750 1128 sie
775 1084 889 1130 omnes
911 1065 1008 1129 unius
1032 1064 1193 1145 religionis
1217 1064 1283 1128 veri
1307 1063 1469 1145 professo·

220 1196 283 1253 res,
316 1176 394 1240 dum
427 1177 659 1259 proprietatem
692 1178 855 1254 abdicant,
880 1179 990 1244 omnia
1014 1179 1230 1243 communiter
1262 1177 1469 1260 percipiendo

219 1293 421 1357 continencia
444 1293 622 1357 inserviunt
644 1298 836 1375 perpetuam
860 1292 1021 1358 servando
1054 1293 1236 1358 castitatem
1270 1312 1329 1357 nec
1353 1292 1468 1374 queris

220 1406 319 1470 modo
353 1428 374 1471 a
416 1408 465 1471 sui
499 1407 622 1471 ordinis
655 1407 867 1472 fundamento
901 1407 1007 1472 cordis
1050 1407 1266 1472 insulcacione
1298 1407 1468 1489 complexo

219 1520 407 1586 obediencie
430 1520 549 1585 virtute
572 1521 736 1586 constricti
760 1525 920 1601 vagantur
952 1541 1053 1585 unum
1087 1540 1204 1602 corpus
1238 1540 1312 1585 vere
1345 1519 1468 1602 protes·

219 1634 320 1698 sionis
352 1653 438 1716 aque
463 1635 534 1700 vive
566 1635 788 1700 contentivam
824 1635 1016 1700 efficiuntur.
1072 1635 1167 1700 Unde
1190 1655 1265 1700 cum
1289 1635 1371 1700 tales
1391 1635 1469 1698 istos

220 1768 291 1813 esse
310 1753 449 1823 consur.
468 1749 635 1814 evidenter
657 1749 835 1815 misterium
861 1750 922 1814 boc
945 1749 1041 1813 huius
1064 1750 1204 1814 nominis
1227 1749 1382 1814 Budeken
1402 1769 1468 1813 non

219 1861 346 1927 leminis
376 1862 445 1940 illis,
477 1863 595 1944 quibus
627 1863 749 1928 habere
781 1864 912 1945 propria
944 1867 977 1928 et
1000 1863 1244 1927 matrimonium
1277 1863 1469 1927 contrahere

219 1976 318 2053 licuit,
342 1977 399 2042 sed
423 1977 575 2042 fratribus
599 1977 668 2041 istis
691 1978 815 2042 alludit.
854 1977 919 2042 Nee
944 1977 1032 2055 illud,
1056 1977 1145 2059 quod
1168 1997 1289 2042 norum
1314 1977 1467 2042 Budelren

220 2090 263 2156 ad
295 2090 516 2156 diderenciam
543 2091 661 2156 veteris
690 2091 844 2156 Budeken
869 2093 973 2156 luerat
1005 2091 1216 2174 appellatum,
1248 2111 1322 2156 reor
1345 2095 1468 2174 preter-

219 2205 374 2282 eundum,
407 2205 561 2287 quoniam
596 2206 648 2270 isti
680 2207 735 2288 qui
769 2206 852 2272 bane
885 2207 1153 2271 relormacionem
1196 2206 1384 2271 ferventer⁰
1415 2226 1468 2271 as·

219 2325 436 2402 sumpserant,
474 2340 538 2384 non
567 2320 672 2384 solum
710 2321 824 2403 spiritu
862 2321 979 2385 mentis
1011 2340 1069 2385 sue
1101 2321 1249 2385 renovati
1283 2321 1339 2385 sed
1364 2321 1467 2385 ceiam

219 2436 346 2500 noviler
369 2435 515 2500 renovati
539 2434 661 2498 ordinis
684 2435 800 2499 fratres
823 2436 1007 2500 extiterunt.
1055 2436 1136 2499 Cum
1166 2435 1261 2515 igitur
1285 2435 1357 2509 loci.
1381 2436 1468 2500 ordi·

219 2549 270 2613 nis
293 2553 324 2613 et
347 2569 560 2631 personarum
585 2548 729 2613 misteria
753 2555 868 2613 mutuo
892 2549 952 2612 sibi
985 2554 1176 2626 consonant,
1210 2549 1299 2615 loeus
1332 2550 1392 2614 iste
1425 2551 1467 2616 ad

219 2669 341 2729 statum
369 2665 437 2729 Deo
475 2664 641 2746 placitum,
675 2664 796 2729 sanctis
834 2663 1047 2728 honorificum
1086 2670 1119 2730 et
1155 2663 1340 2728 hominibus
1378 2665 1468 2730 iuxta

220 2779 320 2863 ipsius
344 2779 549 2862 imperatoris
575 2779 683 2844 liaroli
708 2779 818 2859 magni
842 2780 1123 2862 presumpcionem
1152 2780 1342 2863 piissimam,
1367 2799 1466 2862 quam

220 2893 252 2958 in
276 2894 338 2958 boc
362 2894 494 2959 nomine
519 2893 752 2976 ‚lleynulplrus‘
778 2893 955 2957 intendisse
978 2893 1120 2959 ereditur
1129 2893 1162 2977 ¹),
1182 2896 1386 2976 profuturum
1403 2914 1466 2959 non

218 3011 380 3076 immerito
403 3016 553 3077 censetur
575 3030 646 3076 esse
672 3009 857 3092 perductus.

326 3125 464 3204 Quantis
487 3129 596 3190 autem
620 3124 796 3201 laboribus,
825 3123 982 3205 angustiis
1015 3128 1047 3189 et
1078 3125 1245 3206 emmpnis
1268 3125 1383 3190 tratres
1416 3124 1467 3188 isti

219 3239 327 3304 etalii
351 3239 528 3304 confratres
552 3258 665 3304 eorum
694 3238 833 3303 vicissim
858 3238 945 3302 missi
971 3239 1019 3304 vel
1044 3240 1168 3321 accepti
1192 3219 1256 3304 iam
1282 3239 1349 3303 lere
1372 3239 1467 3304 annis

218 3357 291 3419 octo
315 3353 399 3418 inter
421 3353 605 3418 huiusmodi
629 3353 875 3452 reformacionis
895 3352 1126 3417 sollicitudines
1159 3359 1235 3417 sunt
1259 3353 1369 3418 alllicti
1393 3356 1466 3436 qui·

218 3468 320 3532 busve
343 3469 513 3533 conatibus
538 3468 715 3533 Leviatlran
740 3488 873 3551 serpens
896 3472 1063 3533 tortuosus
1086 3488 1120 3532 se
1145 3472 1258 3533 recten
1282 3467 1329 3532 eis
1363 3488 1466 3551 oppo-

218 3579 320 3658 suit&
343 3582 523 3648 litteramm
547 3602 699 3663 cuperem
724 3582 853 3647 tradere
876 3583 1002 3659 notis⁰,
1017 3582 1043 3646 si
1060 3602 1155 3647 arcus
1172 3582 1278 3647 iudicii
1303 3583 1465 3647 temerarii

218 3695 321 3760 iaetus
345 3715 410 3760 non
434 3697 591 3761 timerem.
640 3696 722 3761 Nam
747 3698 773 3761 si
798 3698 879 3762 lorle
904 3694 1008 3761 interf
1030 3716 1185 3762 occursus
1209 3697 1465 3779 temptacionum

220 3811 327 3874 varios
360 3811 421 3874 sub
453 3810 654 3874 adulacionis
678 3811 782 3876 torma
806 3810 1029 3876 tortitudinisl
1049 3815 1106 3875 aut
1129 3811 1293 3893 paciencie
1321 3811 1465 3894 ipsorum

220 3922 355 3989 fratrum
375 3922 556 3989 iu‹licarer¹¹
577 3944 714 4005 querere
731 3925 875 3990 laudem!
896 3925 1041 3990 Scintilla
1058 3929 1168 3991 tamen
1184 3925 1275 4006 ignis,
1292 3926 1347 4007 qui
1359 3926 1466 3990 llrere·

219 4038 283 4103 mie
306 4038 458 4103 interiora
482 4039 664 4120 pervadens
688 4040 794 4122 ipsum
828 4040 1014 4103 innomine
1048 4039 1177 4104 Domini
1210 4039 1297 4121 loqui
1330 4059 1465 4122 eompu-

219 4151 310 4262 lemt‚
345 4171 396 4216 me
429 4152 559 4234 penitus
581 4153 675 4217 silere
699 4173 765 4217 non
798 4154 883 4230 sinit,
918 4153 1088 4236 presertim
1121 4153 1163 4217 de
1195 4153 1267 4230 illis,
1299 4173 1358 4236 per
1389 4174 1464 4236 que.

219 4267 307 4348 quod
333 4267 452 4331 lactum
479 4267 563 4331 istud
589 4273 758 4351 tamquam
782 4288 801 4333 a
826 4269 893 4332 [leo
917 4272 948 4333 et
972 4288 1038 4333 non
1061 4268 1104 4333 ab
1121 4266 1307 4333 hominibus
1323 4269 1464 4334 existens

308 4435 324 4464 ι
344 4384 486 4491 uunquam
505 4421 535 4475 Τ.
574 4420 699 4478 baereat
718 4422 748 4476 T.
786 4435 799 4460 ⁰
822 4423 976 4492 frequenter
996 4422 1025 4475 B.
1070 4420 1085 4462 ‘¹
1105 4423 1271 4493 apposuitll
1308 4424 1416 4477 ‘rotie
1433 4423 1464 4479 Τ.

220 4500 327 4555 scirent
347 4501 376 4555 li.
431 4502 617 4557 oelormidiaiu
635 4505 665 4557 T.
721 4501 888 4557 hindicaret
915 4502 945 4557 T.

220 4599 352 4609 ——-—

311 4642 329 4705 1ι
346 4603 432 4710 rip.
444 4640 638 4695 crunnum
649 4639 899 4696 roccaromana
910 4641 1011 4694 cerna
1023 4640 1147 4694 acam.
1159 4639 1296 4695 parcen.
1308 4640 1391 4695 rna,
1404 4648 1463 4696 aa.
