3390 5160
749 327 939 383 -238-

218 487 350 550 dissolvi
374 507 439 551 non
463 490 603 568 poterat,
628 486 755 550 videtur
778 485 915 562 ostendi,
940 489 976 549 ut
999 485 1070 561 hiis,
1104 486 1159 566 qui
1193 485 1290 565 longe
1314 490 1389 549 sunt
1415 490 1470 549 aut

219 601 289 665 loco
314 602 362 664 vel
387 606 542 682 tempore,
568 619 701 664 manum
731 600 859 663 Domini
885 599 1030 663 nondum
1064 598 1290 663 abbreviatam
1326 598 1378 661 bic
1402 618 1472 662 esse

219 715 346 797 planius
370 717 560 779 innotescat.

757 939 856 1020 Cap.
894 940 926 1003 4.

148 1132 204 1170 aaa
325 1101 422 1165 Anno
455 1102 615 1183 siquidem
648 1103 776 1166 Domini
811 1103 904 1178 1408,
935 1107 1110 1185 postquam
1150 1119 1217 1164 una
1254 1119 1330 1164 cum
1365 1099 1476 1181 priore

219 1215 324 1278 locum
349 1212 436 1277 hunc
460 1215 678 1292 visitaveram,
712 1219 744 1279 et
767 1235 916 1280 reversus
940 1214 1149 1280 Paderborne
1178 1213 1281 1279 mulla
1307 1213 1338 1276 in
1363 1216 1478 1275 mente

218 1348 292 1392 mea
315 1348 413 1410 super
437 1329 537 1411 ipsius
561 1329 621 1394 loci
645 1331 888 1406 reformacione,
921 1329 1070 1394 videlicet
1101 1348 1144 1394 au
1173 1327 1244 1409 ipsa
1268 1330 1356 1391 esset
1382 1325 1478 1389 trabi·

218 1447 292 1506 lura
325 1460 543 1523 progressum,
568 1443 783 1507 sollicitudine
806 1443 985 1520 cruciabar,
1009 1442 1153 1507 secunda
1182 1446 1289 1518 nocie,
1323 1439 1476 1503 videlicet

92 1580 157 1634 nug.
172 1584 204 1622 a.
220 1554 333 1620 ultima
358 1557 478 1620 mensis
494 1557 641 1636 Augusti,
668 1556 852 1620 huiusmodi
873 1557 905 1620 in
922 1576 1061 1639 sompno
1081 1555 1244 1621 habebam
1264 1554 1428 1618 visionem
1443 1556 1478 1631 ¹).

219 1667 354 1733 Stabam
381 1670 511 1750 quidem
538 1670 569 1732 in
595 1669 694 1733 choro
719 1670 998 1734 Paderburnensis
1026 1669 1158 1735 ecclesie
1182 1669 1214 1732 in
1248 1668 1345 1732 stallo
1382 1670 1481 1731 ante·

220 1783 306 1845 riore
329 1802 389 1864 pro
413 1783 540 1847 vicariis
563 1783 714 1848 altarium
740 1784 772 1846 in
796 1787 889 1865 parte
913 1784 1096 1866 aquilonari
1114 1782 1282 1865 deputato.
1318 1780 1358 1844 Et
1373 1779 1480 1844 aretia

220 1897 324 1960 sancti
347 1896 543 1978 Meynulplri,
568 1898 655 1961 nullo
679 1902 796 1961 ornatu
822 1897 976 1963 decorata
1009 1897 1067 1962 sed
1090 1900 1218 1962 tantum
1250 1894 1349 1959 nudis
1383 1914 1478 1957 conr·

220 2016 318 2092 pacta
335 2011 508 2088 asseribus,
528 2031 626 2094 super
649 2013 786 2092 gradum
811 2032 870 2094 per
893 2016 1115 2078 transversum
1139 2010 1229 2076 chori
1252 2028 1369 2074 versus
1395 2009 1481 2073 lale·

220 2126 303 2189 rales
327 2125 442 2190 ianuas
465 2125 714 2207 protendentem
739 2126 836 2189 michi
859 2125 969 2190 stabat
993 2146 1032 2191 ex
1055 2125 1193 2191 adverso
1226 2126 1259 2189 et
1290 2126 1371 2189 ante
1402 2142 1481 2203 gra·

220 2240 298 2303 dum
322 2239 501 2304 seeundum
524 2259 545 2304 a
568 2240 669 2304 latere
691 2239 790 2304 arche
813 2259 925 2304 versus
949 2244 1097 2304 austrum
1120 2238 1231 2304 stabat
1252 2255 1378 2320 ymago
1393 2236 1481 2301 Cru-

220 2355 316 2432 citixi,
340 2373 404 2436 que
427 2354 531 2418 tribus
556 2355 696 2418 innitens
718 2354 956 2431 sustentaculis,
981 2373 1120 2436 quorum
1145 2353 1210 2417 iam
1242 2370 1346 2417 uuum
1381 2354 1481 2415 vetu-

219 2473 304 2534 state
328 2468 499 2543 deiecerat,
522 2470 650 2533 ruinam
675 2469 871 2534 minabatur.
918 2468 983 2533 Sed
1015 2467 1149 2550 quidam
1172 2470 1320 2532 astantes
1342 2484 1480 2529 crucem

220 2586 417 2663 temptantes
441 2582 618 2647 reformare
648 2583 751 2663 ipsanr
785 2582 935 2646 stabilem
968 2580 1191 2646 reddiderunt.
1237 2579 1277 2644 Et
1314 2597 1378 2660 ego
1412 2578 1480 2643 tavi

221 2696 281 2759 illis
314 2700 384 2759 toto
417 2696 534 2761 mentis
567 2697 695 2772 aiiectu,
737 2696 794 2760 sed
828 2716 963 2761 manum
995 2715 1062 2759 non
1095 2693 1233 2778 apposui
1269 2713 1332 2758 nec
1365 2692 1480 2757 iocum

221 2828 287 2891 quo
312 2814 466 2874 steteram
491 2809 657 2891 dereliqui.
691 2810 773 2874 Cum
798 2830 875 2875 vero
898 2811 987 2892 prior
1009 2813 1183 2892 postquam
1208 2811 1402 2877 recesserat.
1427 2827 1481 2873 re·

220 2943 366 3005 gressum
391 2944 485 2988 suurn
511 2925 542 2988 iu
563 2925 694 3004 longum
720 2924 899 3001 distulerat,
926 2928 961 2989 ut
984 2928 1034 2989 est
1055 2923 1291 3006 supradictum,
1312 2940 1375 3002 ego
1400 2940 1479 2987 cum

221 3038 365 3119 quodam
376 3038 555 3119 presbitero
572 3058 670 3119 super
684 3039 947 3120 peregrinacione
956 3037 980 3122 ²)
991 3037 1144 3103 visitandi
1159 3042 1279 3103 terram
1294 3040 1451 3103 sanctam
1462 3046 1479 3075 ⁸

221 3151 279 3215 leci
304 3152 498 3229 condictum,
523 3153 577 3234 qui
606 3156 721 3234 postea
754 3152 860 3234 priore
893 3153 959 3218 iarn
991 3171 1123 3218 reverso
1146 3151 1323 3235 plurimum
1355 3150 1482 3215 sollici-

222 3267 300 3330 tavit
325 3287 388 3344 me,
412 3273 449 3332 ut
473 3267 514 3330 ad
539 3267 758 3348 arripiendum
784 3268 844 3332 iter
868 3288 979 3333 secum
1004 3288 1056 3333 me
1075 3268 1295 3350 disponerem,
1318 3266 1483 3349 priorque

220 3401 260 3444 ex
284 3382 421 3444 adverso
446 3401 497 3445 rne
520 3381 665 3457 retraxit,
698 3400 740 3445 ne
763 3381 916 3446 absencia
945 3382 1009 3446 mei
1041 3379 1237 3464 perdicionis
1268 3379 1395 3445 laboris
1427 3380 1482 3445 sui

221 3496 286 3560 iam
320 3496 351 3558 in
386 3494 569 3558 huiusmodi
603 3494 838 3559 reformacione
871 3495 1058 3578 attemptati
1091 3495 1183 3561 tieret
1216 3494 1357 3560 occasio.
1409 3494 1482 3577 ugo

221 3628 341 3688 magna
383 3609 596 3691 perplexitate
638 3610 794 3686 irretitus,
831 3609 909 3691 quid
951 3610 1068 3673 horum
1119 3608 1280 3690 eligerem,
1314 3607 1481 3690 ignoravi.

222 3724 315 3787 {iride
339 3725 507 3787 consilium
533 3743 551 3787 a
576 3723 644 3787 Deo
669 3742 805 3805 querere
830 3723 926 3787 michi
952 3727 1151 3805 oportunum
1176 3722 1336 3788 estimavi.
1385 3722 1482 3802 Qua·

102 3866 161 3910 on.
177 3871 206 3908 a.
222 3843 355 3921 propter
378 3839 429 3902 die
453 3839 578 3903 decima
603 3858 690 3903 noua
716 3838 834 3905 mensis
866 3838 1017 3902 Octobris
1039 3838 1116 3903 anni
1139 3814 1320 3903 nativitatis
1342 3836 1481 3903 Domini

222 3958 387 4018 transacta
420 3953 596 4034 supradicti
630 3953 708 4016 dum
742 3953 773 4016 in
804 3972 876 4016 sero
910 3952 1085 4017 tendebam
1118 3949 1275 4029 cubitum,
1307 3952 1480 4035 psalmum

224 4069 387 4145 ,miserere
411 4068 576 4131 melliens
599 4067 776 4130 secumium
794 4086 946 4147 magnam
972 4064 1228 4133 misericordiam
1250 4068 1356 4133 tuam·
1384 4067 1483 4133 flexis

223 4183 282 4263 legi
307 4183 454 4263 genubus
464 4178 480 4217 l
500 4186 532 4244 el
557 4182 673 4244 librum
703 4182 744 4244 do
768 4180 858 4245 obilu
882 4180 969 4244 beati
994 4179 1167 4246 iheronimi
1190 4178 1350 4262 scriptum
1375 4182 1481 4265 capiti

311 4368 326 4396 ⁸
346 4360 445 4407 terram
474 4357 595 4407 sanctam
625 4372 671 4403 rum
700 4354 817 4419 piciclrrr·
847 4355 930 4404 Hand
958 4361 1037 4405 linter
1064 4354 1114 4405 der·
1131 4352 1206 4407 Zeile
1222 4352 1428 4422 mmm
1447 4352 1481 4409 Ι.

224 4450 238 4489 Ι»
257 4443 372 4513 genibus
390 4442 420 4496 T.
442 4442 471 4494 B.
505 4439 619 4507 genibus
639 4440 692 4506 legi
714 4440 743 4492 ll.

313 4601 332 4667 ¹)
358 4602 444 4667 l'eryl.
464 4594 675 4651 Cosmidromiuu
693 4600 719 4646 S.
741 4601 800 4647 1⁸0.
834 4623 861 4632 -
890 4596 910 4661 ²¹)
936 4597 1022 4662 l'erul.
1049 4600 1184 4649 Grauertc
1208 4594 1420 4665 &veum
1444 4600 1482 4651 in

224 4683 326 4735 Hister.
347 4679 442 4731 Jalula
464 4678 536 4730 ΧΠ
553 4679 581 4729 S.
600 4680 660 4726 297.
