3390 5160
742 345 934 402 ..194-

214 502 355 567 sedecim
385 524 404 568 a
440 502 583 583 quodam
609 502 734 565 comitis
766 501 901 584 predicti
935 500 1106 582 capitaneo
1140 499 1172 563 in
1205 498 1270 575 via,
1302 506 1395 579 qua·
1421 493 1459 559 ad

215 617 416 681 redeundum
442 617 473 679 in
498 617 718 698 captivitatem
744 617 878 681 tendere
901 615 1106 692 videbantur,
1139 612 1287 677 studiose
1319 610 1406 693 capti
1432 615 1460 673 el

216 733 362 795 custodie
386 731 564 812 mancipati
588 731 620 794 in
645 731 868 813 captivitatem
893 731 1026 794 minime
1040 729 1217 794 redierunt.
1257 723 1336 791 Aul
1357 730 1461 790 autem

214 848 300 911 cives
336 848 385 909 isti
419 845 468 909 vel
494 866 532 909 ex
557 846 601 910 eis
626 846 725 927 aliqui
750 846 845 908 huius
870 845 1069 927 captivitatis
1101 844 1146 907 sic
1180 842 1222 906 ab
1257 861 1372 906 eorum
1405 841 1462 904 litis

215 966 365 1025 consorte
389 961 467 1043 ipsis
491 961 577 1024 illate
601 961 719 1024 conscii
745 960 862 1025 luerint
885 959 1019 1035 consilii,
1042 963 1118 1023 tune
1141 958 1235 1022 multi
1259 957 1462 1023 dubitabant.

216 1078 262 1140 De
285 1096 444 1140 consensu
470 1079 580 1139 tamen
604 1075 811 1138 dominorum
831 1094 965 1138 suorum
989 1073 1209 1156 predictorum
1243 1072 1461 1154 captivitatem

215 1192 302 1255 illam
327 1191 485 1272 prodiisse
510 1189 601 1253 multi
635 1190 851 1254 crediderunt.
908 1188 1125 1255 Tolerabilius
1159 1192 1271 1253 tamen
1304 1187 1463 1252 nonnullis

214 1307 319 1368 visum
344 1306 536 1369 estfactum
562 1280 622 1368 hoc
647 1305 678 1368 in
703 1305 774 1381 illis,
799 1323 897 1385 quam
922 1304 949 1366 si
974 1304 1094 1369 lactum
1119 1302 1233 1367 hrisset
1256 1303 1288 1366 in
1314 1303 1394 1373 istis,
1412 1287 1520 1386 quiffi

213 1419 255 1482 de
278 1439 396 1499 genere
419 1419 548 1482 militari
573 1419 702 1482 luerunt
725 1419 896 1499 procreah',
925 1438 998 1484 eum
1029 1418 1192 1501 principes
1222 1419 1315 1498 regni
1347 1417 1463 1482 Teuto-

215 1533 303 1596 tonie
339 1553 430 1597 more
454 1533 680 1596 Romanorum
706 1533 928 1615 antiquorum,
952 1533 1008 1615 qui
1032 1532 1179 1598 Marcum
1202 1531 1380 1612 Regulum,
1402 1534 1462 1596 suis

215 1647 415 1728 temporibus
438 1648 540 1727 gloria
569 1648 699 1712 militari
723 1648 892 1712 Romanos
925 1648 1227 1730 supergredientem
1261 1648 1430 1712 universos
1440 1656 1462 1713 ⁰·

214 1762 387 1825 iuramenti
411 1761 565 1840 religione
590 1765 741 1839 tractum,
767 1763 798 1834 in
823 1762 1047 1845 captivitatem
1070 1762 1177 1828 redire
1191 1761 1370 1838 volentem,
1393 1781 1462 1843 pro

215 1876 326 1941 hibere
363 1876 468 1941 redire
500 1877 690 1958 pudendum
724 1897 795 1941 esse
826 1878 1015 1956 censebant,
1047 1877 1165 1942 milites
1197 1896 1276 1941 suos
1310 1877 1412 1942 victos
1435 1877 1462 1939 in

215 1990 277 2054 fide
302 1991 464 2055 servanda
488 2011 591 2072 usque
615 1991 657 2054 ad
682 1991 736 2057 illa
759 1996 908 2074 tempora
932 2011 998 2056 non
1027 1996 1267 2058 consueverunt
1301 1991 1464 2073 impedire.

215 2104 423 2168 Exacerbatis
447 2109 557 2168 autem
582 2105 638 2180 sic,
663 2110 697 2168 ut
722 2106 914 2186 premissum
940 2111 1000 2181 est,
1024 2106 1270 2189 archiepiscopo
1294 2109 1329 2172 et
1351 2106 1464 2170 comite

215 2219 378 2300 predictis,
402 2238 593 2298 guerrarum
618 2239 731 2283 cursus
755 2220 855 2283 dirius
879 2221 1088 2295 instauratur,
1114 2220 1241 2303 ipsique
1267 2221 1301 2284 in
1326 2226 1465 2303 quatuor

215 2332 330 2413 opidis,
365 2331 513 2395 videlicet
536 2332 656 2410 Britan,
681 2333 809 2411 Ruden,
835 2334 959 2399 Geseke
983 2339 1015 2399 et
1038 2334 1141 2417 Lippe
1155 2338 1176 2412 ¹)
1201 2335 1233 2399 in
1258 2335 1465 2400 multitudiue

214 2449 416 2510 arnmtorum
441 2447 582 2528 presidia
613 2452 750 2528 ponunt,
784 2448 903 2528 quibus
934 2449 1086 2513 dominus
1119 2448 1243 2514 electus
1272 2449 1308 2514 in
1340 2450 1465 2514 duobus

214 2581 272 2625 suc
305 2560 441 2625 diocesis
474 2561 579 2642 opidis
612 2561 723 2626 fideles
751 2581 827 2625 suos
861 2563 1007 2644 opponit,
1036 2566 1069 2626 et
1095 2563 1272 2629 contractis
1300 2583 1412 2629 secum
1435 2565 1465 2627 iu

214 2675 312 2753 ligam
337 2695 434 2739 unam
461 2676 598 2739 ducibus
608 2672 634 2752 ⁴¹,
660 2675 843 2752 comitibus
876 2676 1039 2740 nobilibus
1062 2679 1096 2742 et
1117 2676 1299 2743 baronibus
1332 2698 1466 2743 nomem

214 2791 325 2870 viginti
344 2810 410 2854 uno
435 2791 480 2855 eis
503 2791 627 2871 potenti
655 2809 754 2855 manu
778 2791 905 2855 restitit.
952 2791 1035 2855 Hinc
1058 2791 1142 2856 fiunt
1164 2791 1338 2857 hominum
1361 2793 1465 2863 cedes,

214 2906 385 2969 domorum
421 2904 580 2980 incendia,
614 2905 713 2986 prede
750 2905 943 2987 multiplices
976 2911 1009 2970 et
1043 2905 1123 2971 varii
1150 2905 1287 2970 hostiles
1320 2906 1467 2971 incursus

214 3020 376 3101 utrinque.
424 3018 599 3100 Nunquam
625 3024 735 3083 tamen
759 3019 1022 3103 archiepiscopus
1045 3024 1078 3085 et
1095 3039 1206 3086 comes
1222 3021 1381 3087 antedicti
1395 3025 1466 3103 post

216 3134 335 3196 bellum
369 3134 591 3215 supradictum
626 3135 657 3196 in
691 3135 838 3214 personis
870 3135 1009 3216 propriis
1040 3137 1162 3200 terram
1204 3135 1308 3217 ipsius
1344 3136 1467 3201 domini

215 3249 305 3312 electi
332 3249 452 3313 intrare
476 3252 753 3329 presumpserant,
787 3249 844 3312 sed
869 3249 938 3330 ipse
960 3248 1114 3313 dominus
1136 3248 1260 3314 electus
1292 3251 1405 3332 sepius
1436 3251 1467 3315 in

213 3383 356 3445 persona
388 3363 520 3444 propria
553 3362 675 3426 ducens
708 3363 895 3440 exercitum,
931 3368 1034 3430 terras
1058 3374 1197 3429 eorum'
1227 3364 1340 3446 predis
1362 3370 1397 3431 et
1420 3367 1467 3429 in·

214 3478 335 3541 eeudiis
360 3477 530 3559 temptavit
555 3477 735 3557 pervagari,
760 3477 846 3542 unde
870 3477 1004 3558 opidum
1020 3477 1221 3544 Kalenhaart
1235 3483 1372 3561 captum
1387 3480 1468 3561 ignis

216 3593 362 3656 ineemlio
395 3592 493 3655 dedit.
551 3593 665 3670 Magne
699 3592 872 3673 utrobique
904 3592 1028 3658 fiebant
1060 3611 1212 3675 expense,
1250 3593 1310 3659 sed
1342 3600 1469 3677 quanto

216 3707 319 3784 magis
343 3706 466 3769 domini
490 3705 754 3786 archiepiscopus
777 3710 808 3768 cl
833 3725 942 3770 comes
965 3705 1090 3771 diviciis
1104 3705 1357 3785 habundabant,
1377 3712 1469 3773 tanto

216 3821 246 3882 in
281 3840 393 3883 corum
431 3820 579 3902 presidiis
624 3820 744 3884 liehant
781 3840 922 3901 expense
959 3821 1123 3901 parciores
1141 3818 1160 3886 f.
1210 3820 1278 3887 Sed
1315 3821 1470 3887 dominus

216 3935 336 3999 electus
361 3934 391 3996 iu
416 3935 565 4017 expensis
590 3935 789 4010 victualium,
819 3954 901 4016 quas
926 3935 957 3997 in
982 3954 1103 4016 magna
1127 3938 1222 4016 parte
1244 3934 1290 4001 ab
1313 3934 1468 4002 adversa·

217 4049 270 4110 riis
306 4049 371 4111 suis
405 4052 555 4129 potenter
588 4049 732 4124 extorsit,
766 4054 797 4112 et
826 4048 988 4112 donorum
1012 4048 1197 4129 largicione,
1229 4051 1404 4131 presertim
1436 4051 1466 4115 in

216 4164 306 4244 equis
331 4163 534 4230 militaribus,
564 4183 702 4244 quomm
728 4163 814 4228 ultra
837 4164 996 4228 ducentos
1020 4164 1103 4229 inira
1126 4168 1258 4247 tempus
1280 4164 1467 4230 huiusmodi

217 4277 278 4340 litis
303 4278 510 4354 largiebatur,
535 4283 602 4342 tam
629 4279 792 4342 liberalem
818 4301 853 4343 se
876 4280 1022 4345 exhibuit
1050 4284 1186 4363 tamque
1208 4280 1388 4363 benignum
1420 4280 1466 4347 la·

385 4401 515 4408 ...-..-.

304 4463 320 4490 e
340 4454 409 4501 ‹lei-al
431 4448 494 4504 l'ad.
569 4451 583 4488 ¹³
604 4451 649 4503 alii
670 4450 729 4503 Par.
803 4463 816 4488 θ
838 4468 959 4520 auporgr.
980 4450 1053 4504 univ.
1071 4453 1144 4505 decet
1161 4450 1225 4505 Par.
1278 4448 1420 4506 demun
1436 4448 1464 4504 h

216 4552 230 4580 0
253 4541 369 4608 ipsorum
389 4539 449 4592 l'ar.
507 4538 518 4577 t·
544 4540 661 4608 potiores
684 4538 805 4605 (Druekl.

306 4688 323 4752 ¹)
345 4690 498 4755 lappaeque.
