3390 5160
775 317 967 372 „240-

242 471 446 552 pergolactns
470 492 553 536 sum.
600 473 673 538 lstis
697 474 807 555 itaque
831 475 1009 539 visionibus
1033 476 1221 540 consolatus
1254 476 1410 542 instinctu
1436 478 1505 560 spi-

243 586 323 650 ritus
357 587 483 651 occulto
516 593 645 654 tantum
680 590 710 652 iu
745 589 807 654 hoc
839 610 912 655 sum
937 591 1022 655 sacto
1046 590 1259 669 confortatus,
1293 592 1384 674 quod
1415 612 1505 657 nun·

243 720 354 786 quarn,
378 707 553 784 postquam
579 724 661 786 opus
685 705 790 786 ipsum
817 710 866 769 est
900 706 1075 787 inceptum,
1108 706 1359 788 quibuscunque
1393 708 1501 773 eciam

243 814 274 878 in
318 819 517 882 contrarium
560 819 804 883 occurrentibus
841 819 882 885 de
911 820 1011 901 ipsius
1047 820 1170 885 salubri
1207 822 1502 887 consummacione

243 927 422 1011 desperavi.

350 1045 420 1109 Hoc
453 1066 551 1128 opere
584 1048 642 1112 Dei
674 1047 730 1125 sic,
764 1052 800 1112 ut
823 1047 1046 1130 supradictum
1080 1052 1140 1126 cst,
1173 1052 1345 1132 assumpto
1369 1049 1501 1115 Salban

243 1158 356 1222 videns
380 1159 451 1224 loco
474 1180 510 1226 se
533 1162 697 1243 repulsum
728 1166 760 1226 et
784 1182 823 1226 ex
847 1162 908 1226 hoc
933 1163 1018 1227 faclo
1042 1181 1121 1227 vasa
1149 1162 1290 1244 plurima
1323 1163 1384 1227 sibi
1422 1164 1503 1228 diri·

242 1273 361 1353 pianda
384 1274 416 1337 in
441 1274 596 1353 futurum,
621 1280 724 1340 totam
749 1276 835 1341 illam
860 1277 1002 1358 patriam
1026 1280 1140 1341 contra
1168 1276 1318 1352 electum,
1351 1278 1500 1360 priorem

243 1389 276 1450 et
298 1407 351 1451 me
378 1389 471 1470 quasi
504 1409 539 1453 se
572 1390 612 1454 de
644 1390 739 1454 nobis
771 1390 967 1457 vindicando
1000 1390 1168 1455 sevissima
1202 1392 1381 1455 commorit
1415 1397 1502 1457 tem·

242 1505 369 1583 pestate
396 1504 529 1568 alterius
551 1507 662 1570 minen
687 1525 784 1570 cause
807 1505 868 1570 sub
894 1506 1019 1584 umbra,
1053 1524 1116 1587 que
1139 1524 1198 1588 per
1220 1509 1347 1588 septem
1370 1505 1499 1571 dumos

242 1636 346 1682 annos
370 1619 489 1684 multas
522 1620 565 1684 illi
597 1622 701 1702 patrie
724 1641 782 1703 per
805 1625 910 1686 toturn
936 1620 1044 1687 clades
1068 1619 1175 1685 intulit
1204 1621 1442 1701 gravissimas·
1463 1629 1497 1686 el

243 1733 342 1798 tantis
365 1737 478 1799 contra
502 1735 605 1799 zelum
630 1736 747 1799 domus
765 1736 824 1800 Dei
856 1735 1005 1818 procellis
1037 1734 1203 1812 intumuit,
1235 1735 1325 1818 quod
1360 1736 1498 1802 tandem

243 1847 336 1911 nobis
359 1853 450 1913 extra
474 1848 557 1913 illins
580 1849 697 1914 limites
721 1850 911 1915 cedentibus
935 1850 1050 1915 iratres
1078 1849 1131 1914 isti
1162 1849 1229 1915 lere
1262 1851 1386 1915 cunctis
1420 1852 1498 1917 iacti

240 1966 317 2025 sunt
340 1964 439 2040 exosi,
473 1962 519 2027 ita
543 1967 578 2026 ut
602 1963 748 2028 nonnulli
772 1964 837 2029 odii
861 1984 987 2029 veneno
1010 1965 1226 2042 tabescentes,
1260 1968 1297 2029 ut
1325 1965 1357 2028 in
1381 1964 1497 2030 odium

239 2077 343 2143 simile
375 2082 499 2143 ceteros
534 2079 714 2156 incitarent,
747 2079 855 2145 clades
885 2099 963 2144 suas
986 2079 1149 2161 predictas
1180 2079 1338 2145 adventui
1366 2099 1497 2157 eorum,

241 2164 519 2274 duemadrnodum
552 2193 719 2275 quondam
743 2193 885 2258 Romani
908 2193 1133 2275 apostolorum
1165 2192 1321 2258 adventui
1331 2190 1356 2270 b,
1382 2195 1496 2276 palam

240 2306 449 2388 imputarent.
496 2307 579 2372 Cum
603 2308 700 2389 igitur
723 2307 859 2372 fratrum
883 2308 1020 2373 istorum
1053 2326 1120 2372 non
1148 2307 1255 2372 solum
1279 2307 1365 2372 circa
1389 2313 1498 2373 mate-

240 2421 354 2486 rialem
387 2423 448 2487 loci
482 2421 753 2487 relormaeionem
786 2423 844 2487 sed
877 2422 979 2488 eciam
1012 2425 1044 2486 el
1068 2420 1279 2504 principalius
1306 2421 1393 2487 circa
1416 2441 1498 2505 pro·

239 2536 359 2601 fectum
383 2536 497 2602 salutis
519 2537 702 2602 animarum
727 2558 791 2602 non
816 2536 923 2602 solum
952 2537 1003 2601 sui
1036 2535 1097 2602 sed
1129 2535 1234 2602 eciam
1266 2536 1497 2619 proximorum

239 2651 432 2717 versabatur
462 2652 612 2730 intencio,
645 2653 788 2718 maxime
820 2651 862 2716 ad
899 2651 962 2716 boc
996 2651 1071 2728 vite,
1104 2668 1245 2728 morum,
1268 2649 1439 2732 discipline
1464 2656 1498 2715 et

239 2764 339 2829 divini
363 2766 468 2830 cultus
491 2767 685 2847 suffragari⁰
706 2787 803 2848 posse
828 2766 948 2830 devota
971 2764 1166 2830 videbantur
1188 2764 1348 2847 exempla,
1373 2765 1498 2847 quibus

239 2899 281 2944 ne
304 2881 508 2962 proficerent,
541 2881 632 2961 gravi
656 2880 801 2963 quodam
826 2885 857 2945 et
889 2879 1044 2963 perplexo
1077 2878 1174 2943 nimis
1206 2878 1378 2944 obstaculo
1411 2880 1497 2945 citra

239 2995 384 3060 locorum
410 3000 521 3060 tamen
555 2994 805 3075 congruenciam
839 2995 1037 3059 tenebantur
1069 2992 1228 3074 impediti.
1282 2991 1368 3058 Nam
1402 2993 1497 3059 locus

240 3111 308 3192 ipse
332 3131 405 3176 curn
430 3114 499 3175 tota
523 3129 583 3174 sua
606 3109 779 3192 parrochia
802 3113 937 3192 propter
960 3109 1058 3173 unius
1091 3107 1133 3171 dc
1156 3106 1343 3173 castellanis
1375 3127 1497 3191 supra·

239 3224 332 3290 dictis
356 3224 596 3289 contumaciam
621 3225 816 3290 auctoritate
840 3222 1018 3306 apostolica
1051 3221 1269 3287 eeclesiastico
1301 3224 1497 3304 suppositus

239 3340 298 3404 luit
330 3340 510 3416 interdicto,
544 3341 633 3421 quod
665 3343 800 3421 propter
831 3338 951 3403 actoris
982 3335 1212 3402 excellenciam
1244 3339 1279 3401 et
1310 3335 1414 3419 ipsius
1448 3339 1496 3403 rei

238 3454 391 3519 inerciam
416 3474 578 3536 conseque
601 3453 849 3536 perplexitatem
873 3452 1123 3534 presumebatur
1144 3449 1317 3515 difficulter
1340 3450 1497 3517 relaxan-

237 3568 326 3646 dum,
366 3573 464 3651 prout
501 3569 641 3634 necdum
678 3569 710 3632 in
748 3571 818 3632 toto
850 3570 901 3631 est
933 3566 1126 3631 relaxatum.
1171 3563 1238 3630 Sed
1270 3564 1497 3633 invalescente

145 3698 224 3748 (aaron
238 3687 433 3765 tempestate
464 3684 664 3766 supradicta,
699 3702 758 3763 ego
782 3682 825 3747 ad
849 3681 973 3746 curiam
997 3680 1183 3745 Romanam
1197 3677 1220 3762 ¹)
1243 3678 1495 3746 mendaciorum

236 3799 409 3881 propulsus
434 3800 562 3863 turbine
587 3798 794 3862 interdictum
820 3796 898 3860 illud
922 3798 1083 3876 quantum
1107 3794 1150 3860 ad
1181 3792 1288 3876 ipsum
1321 3799 1497 3861 monaste·

238 3915 321 3978 rium
351 3934 423 3979 cnm
457 3934 516 3978 sua
545 3914 718 3978 dumtaxat
750 3909 885 3976 ecclesia
909 3908 1082 3991 impetrari
1105 3903 1319 3990 simpliciter‘¹
1338 3907 1496 3975 relaxari.

237 4027 339 4091 Unius
372 4027 469 4107 igitur
505 4027 582 4092 anni
614 4026 680 4090 lere
713 4028 879 4090 transacto
912 4023 1034 4104 spacio,
1066 4023 1244 4104 postquam
1271 4038 1358 4103 opus
1381 4020 1494 4104 ipsum

237 4146 286 4207 est
309 4146 540 4224 attemptatum
565 4162 638 4206 curn
659 4143 785 4217 ellectu,
810 4139 909 4203 divini
933 4137 1030 4202 officii
1053 4134 1185 4219 publica
1202 4133 1409 4202 celebracio·
1433 4138 1497 4203 ibi·

236 4257 311 4321 dem
336 4277 356 4322 a
381 4257 534 4322 iratribus
559 4276 632 4319 curu
656 4255 775 4335 gaudio
800 4273 919 4335 magno
943 4252 1039 4318 valde
1060 4255 1112 4317 ast
1134 4252 1315 4333 assumpta

325 4372 537 4467 *sevissimae
536 4410 567 4464 Τ.
614 4409 739 4464 beorum
757 4441 788 4449 -
807 4408 935 4463 adventui
954 4409 1148 4475 irocboetrupea
1172 4404 1204 4460 B.
1250 4404 1437 4475 Muffragari
1460 4405 1495 4463 B.

237 4492 253 4534 ὖ
273 4491 434 4563 suppliciter
443 4491 473 4545 Τ.
507 4494 572 4543 aaa
582 4493 653 4543 Sillae
668 4490 692 4542 le
707 4495 799 4557 apdler
814 4507 859 4542 ron
871 4488 1079 4541 ‹radererlland
1088 4504 1133 4540 um
1143 4486 1239 4540 Raude
1248 4484 1451 4555 mmmm
1462 4484 1495 4542 Ε.

332 4651 350 4714 ¹)
377 4651 464 4717 l'eryi.
484 4645 694 4701 Cocmidromiua
720 4649 747 4697 S.
769 4650 826 4697 lau.
