3390 5160
748 308 939 361 ,154-

221 461 322 538 rergil
346 461 377 524 iu
402 466 637 543 contemptum.
686 465 771 528 luter·
795 467 853 531 bec
886 464 1038 528 dominns
1067 461 1252 528 Bonilaeius
1286 480 1380 541 papa
1413 457 1484 521 eal·

222 574 284 638 enti
310 575 495 640 inllrinitale
519 583 684 657 gravatur,
710 584 741 642 et
765 581 842 644 (loru
868 600 902 643 se
927 599 989 660 ope
1013 578 1213 643 uredicornrn
1238 574 1354 641 sanari
1388 577 1483 636 sata·

220 690 275 770 git.
302 691 332 754 in
359 694 506 755 ruenrbro
531 695 610 758 virili
640 697 793 777 putrescit
830 701 861 760 et
894 697 948 770 sie,
983 693 1133 776 quamvis
1164 691 1368 756 torsionibus
1379 700 1394 725 ³⁸
1433 689 1483 751 iu·

221 805 442 870 tolerabilibus
480 810 596 874 cotidie
629 813 783 892 quatitur,
817 830 932 875 auruur
967 810 1055 873 sitire
1097 828 1162 872 nou
1200 806 1330 871 desiuit
1371 802 1481 866 donee

50 920 348 983 tuton-inertum
386 923 501 1002 quinto
540 945 627 988 armo
666 927 873 1006 nontillcatus
902 926 950 988 sui
985 925 1017 988 in
1042 924 1112 987 llal.
1141 922 1292 987 Octobris
1326 918 1482 1001 prulieto

221 1037 335 1120 ruorbo
359 1038 483 1102 tlelecil.

753 1259 936 1337 Can 8&

84 1430 198 1497 ruocb
330 1436 473 1501 Vacante
497 1438 593 1516 igitur
617 1440 693 1504 selle
726 1440 907 1505 car·dinales
936 1436 1130 1518 infrascripti
1158 1432 1359 1513 cougregati.
1388 1430 1482 1493 virle·

221 1549 294 1614 licet
327 1551 470 1630 Angelus
508 1553 589 1616 tituli
629 1556 731 1619 suncti
775 1554 943 1620 laurencii
958 1553 980 1634 ¹)
1024 1549 1238 1624 Florentinus
1280 1546 1483 1611 l'raneisens

221 1669 297 1728 tunc
331 1671 442 1730 saneto
474 1668 660 1750 Susanue²l
695 1643 967 1750 Monopolilanns,
1000 1665 1159 1731 Henricus
1190 1665 1303 1727 sancto
1328 1661 1544 1725 Anasta-ei

221 1778 267 1841 sie
280 1782 302 1856 ³)
327 1778 572 1860 Neapolitanus,
597 1783 771 1847 (losrnatus
795 1787 906 1848 sancte
930 1781 1043 1845 Crucis
1072 1781 1104 1843 iu
1129 1776 1331 1844 lbernsaleur
1367 1776 1484 1839 Bono·

221 1893 351 1969 niensis
394 1895 537 1973 Angelus
577 1903 688 1961 sancte
729 1898 925 1963 Potenciune
964 1895 1142 1961 Laudensis
1184 1891 1378 1976 presbyteri.
1419 1911 1483 1955 uec

222 2028 286 2071 nou
313 2008 503 2090 llayualdus
527 2011 630 2075 sancii
656 2013 718 2075 Viti
753 2013 782 2076 in
808 2012 969 2077 mucellot
994 2011 1034 2074 de
1058 2004 1293 2074 Braucbaciis‘*
1323 2010 1357 2070 et
1393 2005 1483 2069 Lau·

221 2121 327 2186 ‹tollus
355 2125 457 2187 saneti
484 2126 615 2207 i'ycolai
641 2128 670 2190 in
696 2147 825 2191 earcere
848 2126 997 2190 Tulliano
1028 2123 1179 2188 Barensls
1203 2121 1334 2185 diaconi
1351 2124 1372 2195 ¹)
1397 2140 1482 2182 eon·

221 2237 311 2301 clare
336 2239 537 2303 intraverunt
561 2245 593 2304 et
616 2262 726 2306 corani
752 2243 897 2322 pluribus
922 2239 1056 2304 notariis
1079 2243 1112 2303 et
1136 2236 1272 2301 testibus
1294 2234 1482 2314 solempni·

223 2352 282 2414 bus
315 2355 606 2434 corupronriseruut
641 2361 669 2419 el
710 2356 977 2437 eoruproruissuur
1018 2372 1149 2417 seruare
1185 2351 1378 2414 iuraverunt
1418 2367 1483 2412 nec

222 2485 366 2547 unquuru
392 2488 427 2530 se
451 2469 574 2532 absolvi
599 2471 641 2533 ab
666 2470 718 2533 illo
744 2471 926 2532 iurunnnto
950 2489 985 2561 se
1008 2467 1167 2549 petituros
1199 2482 1307 2544 neque
1340 2462 1484 2526 absolu·

222 2581 347 2645 clonein
373 2583 514 2664 aliquarn
541 2590 727 2665 recepturos
751 2606 785 2648 se
809 2584 851 2646 ab
876 2583 1001 2658 eodeni,
1027 2581 1191 2645 videlicet:
1216 2576 1306 2659 quod
1326 2576 1391 2659 ipsi
1411 2578 1484 2641 sin·

221 2696 285 2773 guli
311 2701 339 2759 et
367 2699 593 2767 eonunnniter.
618 2704 649 2763 et
674 2700 698 2762 si
723 2700 795 2780 quis
820 2718 933 2762 eornrn
959 2701 1040 2761 lorte
1068 2696 1100 2758 in
1134 2713 1254 2776 papatu
1288 2692 1484 2771 eligeretur.

222 2811 317 2873 vellet
342 2832 473 2874 ornnem
498 2812 702 2890 diligenciam
732 2833 831 2895 quarn
866 2816 976 2894 posset
1009 2810 1165 2875 adbibere
1200 2808 1243 2874 ad
1276 2807 1352 2884 hoc,
1386 2808 1482 2888 quoil

223 2927 330 2989 unitas
354 2925 485 2990 ecclesie
510 2927 749 3003 reformaretur,
775 2928 904 2992 eeiarusi
929 2946 1012 3009 opus
1035 2929 1120 2990 esset
1138 2924 1181 2989 ad
1202 2923 1263 2988 boc
1279 2923 1485 2987 renunciare

222 3040 355 3120 rnuiatni
382 3040 430 3104 rel
456 3041 617 3121 resignare
642 3042 740 3118 illuni,
775 3042 828 3122 qni
854 3062 891 3105 ex
917 3043 963 3105 eis
986 3060 1073 3123 papa
1098 3040 1198 3111 lieret,
1232 3041 1264 3102 el
1287 3036 1381 3119 quod
1407 3056 1486 3101 car·

221 3153 346 3218 dinales
378 3155 530 3217 absentes
563 3156 604 3220 au
639 3156 741 3219 siuiile
779 3158 997 3220 iurarnentnm
1030 3153 1243 3236 prestandum
1274 3157 1484 3218 ooarbnenl.

223 3268 262 3331 Et
287 3270 311 3332 si
338 3271 420 3332 sorte
445 3289 547 3332 novos
572 3271 752 3335 cardinales
777 3275 891 3353 postea
915 3271 1017 3335 creari
1041 3270 1253 3350 contingeret,
1282 3267 1376 3349 quod
1401 3273 1486 3333 aule

222 3385 330 3447 ornuia
355 3384 458 3448 sinrile
482 3385 701 3449 iuiarnenturn
727 3391 909 3466 prestarent
922 3386 957 3467 ⁵).
1009 3384 1048 3448 Et
1080 3387 1155 3467 post
1187 3381 1249 3447 hoc
1282 3400 1483 3464 processum

23 3518 86 3564 uin
102 3513 160 3557 ou.
171 3516 210 3560 u.)
224 3502 273 3560 est
297 3499 338 3561 ud
364 3498 563 3565 electioneru.
597 3500 774 3564 etelectus
806 3504 855 3563 est
879 3521 918 3565 ex
941 3500 987 3563 eis
1013 3498 1164 3563 domiuus
1188 3496 1396 3579 cosmatus)
1427 3518 1485 3561 sn·

223 3611 389 3692 pradictus
422 3618 454 3676 et
477 3618 613 3678 vocatus
644 3618 692 3677 est
720 3614 931 3678 luuoeencius
959 3613 1127 3695 septimus,
1174 3610 1235 3677 llic
1263 3610 1379 3676 statirn
1405 3618 1483 3694 post

331 3862 346 3890 ἢ
369 3851 533 3906 torciouibus
563 3851 637 3908 Casa.
675 3853 736 3906 Par.
828 3851 934 3906 baem
970 3852 1045 3908 Coss.
1081 3851 1110 3906 b.
1202 3849 1370 3906 “marcollo
1401 3852 1485 3906 codd.

223 3936 238 3977 ¹¹
259 3939 415 3995 Bracbcciis
434 3941 463 3994 L.

328 4149 344 4213 ¹)
364 4149 486 4217 Angelus
504 4147 664 4211 Acrisiolns‚
693 4144 1245 4217 cett1397S‹·1›t.episcopu00oliounio
1283 4174 1316 4185 -
1356 4144 1484 4205 'll'nn-

223 4238 312 4292 ciacon
331 4237 476 4299 Carbonns,
497 4241 545 4288 set!
570 4243 636 4289 1392
655 4237 797 4305 episcopus
816 4235 980 4290 sabinensis.
1014 4265 1040 4272 -·
1082 4233 1102 4299 ³)
1121 4233 1255 4289 chricuu
1273 4232 1309 4289 d·
1327 4233 1484 4297 Ninutulln.

224 4332 273 4378 nell
295 4333 362 4380 libii
381 4327 523 4396 opiscopus
541 4325 717 4379 Tusculanus.
747 4354 778 4362 ·-
809 4326 829 4391 ⁴)
852 4328 930 4378 Nielu
952 4334 1069 4393 yeuunnl
1093 4326 1157 4377 nino
1175 4322 1313 4379 Annum
1330 4322 1485 4381 cultim·

223 4434 246 4469 c.
266 4414 354 4485 presb.
373 4414 415 4466 tit.
436 4433 457 4467 a.
477 4413 610 4467 Caeciliae
640 4417 696 4465 iiiut
723 4412 932 4482 christophorus
955 4412 988 4465 de
1013 4411 1169 4467 Marooibuo
1187 4409 1327 4467 &monuo
1344 4429 1369 4467 e.
1387 4414 1481 4483 pmii.

223 4522 245 4558 s.
264 4503 380 4574 Cyricei.
428 4506 512 4568 lin-ut.
534 4501 666 4571 Raynuld.
696 4505 764 4554 Auo.
784 4502 849 4555 ecel.
869 4500 902 4554 ud
925 4502 992 4554 llll-l
1014 4503 1064 4554 n'r.
1087 4507 1126 4554 1⁰.
1161 4529 1192 4537 -
1231 4498 1253 4547 ‘¹
1272 4490 1393 4554 Mulie&
1416 4503 1481 4557 Die·

223 4593 292 4644 rrtclr
314 4611 360 4642 rim
383 4593 415 4644 N.
437 4594 464 4643 S.
489 4597 543 4642 but
622 4590 641 4653 ⁶)
661 4590 804 4644 Cocosates
822 4589 855 4642 do
874 4589 1030 4644 Moliorctlu.
