3352 5166
744 321 918 381 -84-

206 482 425 549 cardinalibus
458 504 567 548 secum
597 484 835 548 existentibus⁸
855 485 895 549 de
919 483 1170 567 impugnacione
1201 480 1367 548 electionis
1399 479 1462 545 do·

206 600 284 663 mini
309 599 433 665 Urbani
457 598 621 664 tractavit.
667 599 706 662 Et
725 601 858 664 tandem
883 600 987 664 tribus
1010 597 1231 664 cardinalibus
1258 595 1331 662 aliis
1343 594 1378 679 ¹),
1403 594 1460 677 qui

206 733 279 778 curn
304 714 436 777 domino
461 713 596 777 Urbano
619 714 727 778 adbuc
752 719 846 778 erant
859 720 891 790 ²),
925 715 967 780 ad
992 734 1028 778 se
1052 712 1276 778 fraudulenter
1298 709 1462 785 attractis,

207 828 292 891 idem
316 828 491 892 cardinalis
515 828 737 893 Gebbenensis
756 849 792 893 se
814 829 847 892 in
879 847 1000 910 papam
1034 848 1092 892 seu
1125 827 1233 891 verius
1264 825 1462 907 antipapam

7 963 195 1018 urersapcaa)
209 942 280 1022 eligi
322 942 482 1006 ordinavit
497 942 521 1024 ⁴)
546 946 589 1019 et,
623 946 749 1007 mutato
783 943 916 1006 nomine
950 963 1011 1007 suo
1046 942 1223 1019 RobertuS,
1255 940 1462 1005 Clementem

206 1056 381 1138 septimum
414 1077 450 1120 se
482 1057 668 1138 appellavit.
725 1056 764 1120 Et
787 1058 833 1120 sic
857 1057 986 1134 scisma,
1019 1077 1085 1138 quo
1119 1056 1225 1121 maius
1257 1055 1290 1119 in
1324 1054 1463 1120 eeclesia

207 1172 264 1238 Dei
288 1192 353 1236 non
378 1173 449 1250 fuit,
473 1172 656 1237 conlectum
681 1177 740 1250 est,
772 1177 805 1237 et
828 1178 940 1238 secuta
968 1177 1046 1237 sunt
1078 1171 1264 1248 homicidia,
1297 1170 1464 1247 incendia,

204 1288 329 1368 rapine,
368 1306 493 1367 guerre,
532 1287 770 1352 destructiones
807 1308 874 1351 non
906 1288 1013 1352 solum
1056 1292 1228 1363 terrarum,
1262 1286 1321 1351 sed
1353 1286 1463 1350 eciam

206 1422 379 1481 regnorum
392 1402 417 1483 ⁴)
451 1406 483 1467 et
516 1402 719 1468 calamitates
752 1404 904 1467 omnibus
937 1403 1057 1467 Christi
1090 1401 1240 1468 fidelibus
1267 1405 1300 1465 et
1332 1420 1464 1466 errores

207 1535 311 1597 usque
335 1516 367 1579 in
390 1519 578 1598 presentem
602 1504 699 1580 diem.
746 1517 930 1581 Cardinalis
954 1517 1188 1593 Gebbenensis,
1221 1515 1295 1580 licet
1329 1512 1464 1581 sororii

207 1631 340 1694 domine
374 1631 519 1696 Iohanne
546 1632 656 1712 regine
681 1633 770 1713 regni
794 1632 901 1696 Sicilie
936 1652 993 1696 seu
1017 1631 1225 1713 Neapolitani
1257 1630 1464 1709 inniteretur,

207 1764 273 1808 non
297 1748 408 1809 tamen
431 1745 557 1809 audens
580 1746 665 1809 intra
696 1747 785 1827 regni
820 1746 902 1810 illius
934 1746 1115 1810 districtum
1148 1764 1352 1828 permanere,
1385 1764 1464 1809 cum

208 1859 427 1924 cardinalibus
459 1861 527 1923 suis
559 1861 753 1925 Arinionem
792 1881 828 1925 se
862 1861 1029 1925 transtulit
1041 1859 1065 1944 ³)
1103 1864 1136 1924 et
1172 1881 1193 1925 a
1224 1879 1301 1941 rege
1324 1858 1466 1925 Francia

207 1979 376 2056 susceptus
412 1979 469 2038 ost.
528 1974 565 2038 Et
593 1975 710 2039 deinde
743 1996 835 2056 reges
869 1981 901 2040 et
933 1976 1119 2058 principesc
1151 1997 1190 2041 ac
1221 1975 1338 2057 prelati
1366 1975 1465 2041 divisi

207 2093 293 2152 sunt.
340 2089 410 2153 Rex
443 2090 573 2170 quidem
586 2086 602 2128 ‘¹
635 2091 770 2154 Francia
808 2110 881 2154 cum
917 2092 1068 2154 universo
1101 2110 1202 2171 regno
1232 2109 1292 2154 suo
1330 2093 1364 2155 et
1396 2090 1467 2154 iere

164 2191 168 2198 ’
208 2206 277 2266 tota
301 2204 459 2285 Hispania
483 2208 515 2268 et
539 2205 649 2285 regina
674 2205 781 2269 Sicilie
804 2225 876 2269 cum
903 2189 1043 2270 η’]ειίοτίο
1064 2211 1159 2287 parte
1182 2205 1271 2285 regni
1295 2200 1371 2269 suif
1393 2204 1466 2269 Ro-

207 2318 300 2381 berto
333 2318 515 2400 antipapag
551 2319 761 2383 adheserunt.
817 2319 1000 2401 imperator
1032 2340 1110 2384 vero
1144 2320 1283 2384 Karalus
1316 2322 1349 2383 et
1376 2318 1467 2383 filius

208 2451 286 2495 suus
311 2433 536 2497 Wentzeslaus
559 2453 616 2497 rex
641 2434 807 2507 Bohemie,
833 2433 1026 2499 Lodewicus
1049 2454 1105 2499 rex
1130 2434 1283 2514 Ungarie‚
1311 2452 1368 2498 rex
1393 2434 1467 2497 An-

208 2547 271 2626 glie
308 2552 340 2612 et
377 2548 487 2611 omnia
525 2568 624 2628 regna
662 2549 903 2629 septemtrionis
942 2569 1001 2614 nec
1050 2568 1115 2612 non
1164 2549 1330 2630 provincie
1369 2547 1468 2612 ltalia

208 2666 301 2725 extra
324 2681 460 2742 regnum
484 2662 591 2725 Sicilie
614 2662 799 2739 constitute,
833 2681 933 2741 regua
958 2661 1141 2728 Cracovieh
1170 2667 1203 2727 et
1235 2663 1370 2727 Potonie
1402 2662 1468 2727 do·

208 2775 297 2838 mino
335 2776 468 2840 Urbano
501 2797 574 2840 cum
608 2750 746 2840 subditis
779 2779 845 2840 suis
877 2778 1078 2841 adheserunt
1089 2778 1125 2859 ὓ).
1173 2777 1316 2855 Quidam
1348 2780 1466 2843 tamen
1489 2800 1542 2847 raa

208 2888 387 2973 principesi
415 2892 566 2956 Almanic
590 2892 655 2956 alte
678 2913 750 2956 cum
777 2893 937 2974 episcopis
960 2893 1159 2975 quibusdam
1184 2898 1217 2956 et
1239 2891 1383 2974 collegiis
1401 2892 1468 2957 sibi

297 3119 312 3147 ἢ
332 3123 424 3159 secum
447 3104 628 3159 existentibus
656 3108 728 3158 deest
756 3105 877 3169 (Druck).
960 3105 976 3145 b
996 3107 1089 3160 lavoro
1108 3106 1170 3160 Par.
1243 3119 1256 3149 ⁰
1279 3110 1308 3161 at
1325 3107 1469 3177 principes

208 3200 281 3249 deest
303 3193 368 3249 Pad.
450 3192 465 3232 ¹¹
486 3193 594 3263 quidam
624 3193 746 3261 (Druck).
829 3194 966 3265 onrajore
994 3195 1059 3249 Pad.
1139 3194 1152 3235 s
1177 3196 1220 3250 soi
1238 3198 1310 3250 dem
1336 3195 1404 3251 Pad.
1433 3195 1467 3252 L.

208 3281 475 3354 santhipapaCass.
489 3281 699 3345 (Casmil-ern
712 3292 777 3334 stela
790 3282 886 3346 anthi).
923 3281 1136 3351 hermoniae)
1155 3283 1233 3343 Casa.
1253 3284 1319 3339 Pad.
1355 3280 1364 3324 i
1393 3284 1470 3354 prin·

208 3390 273 3444 cepa
290 3373 353 3427 Par.

211 3498 395 3506 —-.—--—
412 3498 432 3503 ..
450 3498 471 3502 ...
505 3497 508 3501 ,

299 3571 318 3637 ¹)
340 3572 392 3623 Die
414 3572 476 3622 ἀντὶ
504 3572 690 3622 millenia-lun
714 3572 864 3623 Cardincilc
892 3573 989 3625 Petram
1007 3576 1040 3625 de
1062 3576 1194 3641 t'orainia,
1221 3573 1338 3626 Jacobua
1356 3574 1391 3627 de
1413 3575 1467 3626 t'r·

207 3667 279 3716 alitia
298 3666 355 3716 rand
372 3667 464 3714 Sirnaem
484 3664 516 3711 de
535 3663 693 3713 Brrmaonire.
736 3663 824 3727 i'erpl.
847 3664 966 3714 Ilietriclr
988 3682 1034 3717 ron
1058 3665 1176 3716 Nicheim
1197 3667 1224 3718 S.
1244 3669 1286 3717 25».
1316 3695 1349 3703 -
1377 3661 1468 3727 ‘tsie

208 3757 299 3807 butten
327 3755 376 3805 den
406 3755 490 3819 Papo
517 3753 597 3802 sciram
626 3769 668 3801 ‹rnr
699 3756 740 3802 26.
759 3753 822 3802 uun·
850 3754 992 3804 certamen.
1023 3785 1055 3793 --
1085 3754 1104 3818 ²⁸)
1128 3756 1224 3807 Ilieaer
1240 3754 1390 3807 aleaume
1409 3756 1466 3807 Go-

208 3846 294 3896 twlins
321 3847 354 3895 iat
373 3861 407 3894 :u
426 3844 521 3903 atarl·,·
549 3842 606 3891 dub
634 3842 731 3893 niune
759 3859 807 3892 ron
830 3845 904 3907 Gens
928 3841 1092 3897 ambiciosus
1118 3862 1233 3911 {patracen
1261 3846 1309 3909 aci,
1336 3842 1466 3896 berichtei

208 3935 277 3985 (trech
298 3933 419 3986 Dilucide
449 3948 496 3981 ron
526 3931 645 3982 Sielwim
675 3934 701 3981 S.
722 3933 764 3981 2⁵.
812 3932 1063 3999 dusaclrlayycbcnd
1089 3934 1140 3998 seir·
1167 3934 1211 3985 die
1245 3932 1324 3984 tl'ahl
1350 3932 1468 3985 Robma

210 4040 267 4074 rear
285 4023 324 4072 bei
351 4022 401 4071 den
433 4019 600 4069 {.'nrdimilen
624 4019 776 4082 jaciensulls
795 4020 839 4070 ilic
858 4022 1051 4084 eirrflrclbeiclre
1076 4022 1310 4087 l'eracondlrclmfl
1323 4022 1371 4073 dea
1392 4024 1467 4074 (loa-

209 4112 328 4162 (lictum.
360 4109 447 4173 l't't'yl.
468 4105 594 4158 BalitthlS
612 4125 636 4155 lt.
657 4124 681 4157 o.
704 4111 734 4158 i).
755 4106 782 4157 δ’.
803 4110 862 4158 iiiii.
895 4140 919 4145 --
953 4109 973 4173 ι)
1001 4112 1087 4177 l'mffl,
1107 4112 1157 4161 den
1177 4110 1319 4161 (Umh'chm
1338 4110 1405 4161 Saty
1422 4109 1468 4161 Μ

209 4198 331 4253 Itietrich
347 4215 395 4248 ron
411 4196 530 4247 Nirlreim
544 4198 585 4245 (S.
596 4199 653 4257 24),
671 4196 781 4258 freilicb
798 4199 824 4245 in
845 4199 971 4249 irriderent
992 4200 1234 4265 anmmenlanp.
1260 4230 1292 4237 --
1326 4195 1346 4259 ὗ)
1365 4198 1466 4251 Robm

209 4306 256 4339 con
279 4288 353 4351 (iens
370 4284 478 4335 inaudite
501 4286 534 4333 im
564 4283 621 4334 llas
652 4288 719 4333 1379
738 4285 798 4334 ‹lrci
819 4286 889 4352 ‘rape
909 4289 935 4336 in
958 4288 1060 4354 Nenpel
1089 4287 1195 4349 (Cliton.
1216 4285 1333 4340 Siculum
1352 4284 1393 4339 ad.
1409 4284 1465 4343 loo.

209 4375 242 4429 de
260 4373 360 4428 Blasiis
379 4370 490 4440 Neapoli
514 4369 580 4423 1887
599 4376 625 4421 δ’.
647 4376 696 4419 ³:5-
719 4376 762 4433 37)
787 4390 820 4423 :u
841 4376 897 4425 virid
911 4376 1020 4427 aicdelle
1035 4377 1102 4428 narii
1119 4377 1229 4428 lurum
1244 4376 1419 4442 Airscnthdtta
1434 4378 1463 4428 in

207 4466 355 4533 Sperlonpu
376 4463 443 4514 urieli
465 4460 583 4526 drigrnon
605 4459 675 4509 uter.
706 4490 735 4495 ·-
767 4460 788 4511 ‘l
814 4462 900 4528 Verpl.
922 4465 1043 4516 lliclrich
1065 4484 1112 4517 ron
1129 4466 1248 4517 Nichcim
1262 4466 1289 4516 S,
1303 4468 1345 4516 35.
1367 4464 1467 4517 Diem

207 4557 282 4608 zdlrll
301 4555 344 4605 die
362 4570 414 4604 :ur
435 4551 565 4603 oleion:
593 4551 604 4601 1.
610 4548 699 4599 'rhum
724 4551 763 4601 t'l
773 4552 914 4617 peludripcn
930 4558 1039 4607 Stoulen
1053 4573 1172 4621 perman·
1183 4556 1238 4619 ures
1247 4556 1292 4606 ‹rla
1308 4552 1465 4607 (lutetiam.

208 4645 332 4711 Dupcpen
346 4641 470 4692 lor-telam
487 4637 633 4689 omeliam
648 4638 824 4702 cingcluendcr
844 4640 908 4690 uim·
926 4642 970 4692 die
979 4643 1102 4711 Stellunp
1119 4645 1168 4694 der·
1181 4642 1323 4694 ‹terciachen
1335 4642 1465 4697 Filrolen.
