3390 5160
770 315 942 367 ‚28-

38 476 239 523 ulmineae..
297 511 301 521 .
355 513 359 522 .
418 514 422 524 ‚
479 509 484 519 .
542 467 608 520 ilex
639 469 755 523 deinde
784 488 902 524 versus
931 470 1081 539 Apuliam
1111 486 1145 522 ec
1174 470 1293 538 dirigit
1322 475 1353 522 et
1383 485 1487 522 eams

230 566 461 619 dominacione
490 566 657 620 Grecorum
691 567 822 622 liberat.
870 566 994 620 Deinde
1033 584 1149 619 versus
1187 566 1316 620 Romam
1345 584 1379 619 se
1409 565 1487 617 diri·

230 676 336 727 genat
368 664 460 716 venit
487 663 524 716 ad
544 669 660 717 montem
681 665 832 726 Cassinum,
861 664 914 718 ubi
943 665 1075 717 meritis
1104 664 1175 717 beati
1196 664 1344 722 Benedicti.
1365 663 1487 716 ibidem

230 759 389 828 quondam
419 760 568 817 abbatis.
597 778 612 813 a
644 761 774 814 calculo
812 761 1008 814 miraculose
1041 761 1206 814 liberatus
1238 759 1328 814 esth.
1383 763 1488 829 Appa-

232 857 297 909 ruit
327 857 410 909 enirn
441 859 468 909 ei
500 858 531 910 in
551 876 685 927 sompno
713 863 851 911 sanctus
879 857 1082 911 Benedictus
1105 862 1138 911 et
1156 861 1272 927 aperto
1292 858 1400 910 lutere
1420 874 1488 908 cor·

231 954 322 1023 poris
341 953 471 1006 calculum
492 955 615 1007 evulsum
635 955 757 1008 inmanu
778 955 850 1022 regis
869 955 966 1024 posuit,
987 972 1080 1024 quem
1110 973 1157 1007 rex
1185 954 1322 1022 evigilare
1349 954 1376 1007 in
1406 971 1488 1006 urana

229 1068 288 1104 sua
308 1051 476 1104 veraciter
501 1052 670 1105 inventum
695 1052 799 1105 cunctis
827 1052 953 1105 ostendit.
992 1051 1031 1105 Et
1059 1052 1135 1105 inde
1155 1052 1328 1122 proiectus
1355 1050 1488 1104 Romam

81 1136 249 1239 Tglflllml'l‘a
270 1148 414 1202 Benedicta
434 1166 504 1218 papa
523 1166 593 1201 cum
612 1167 713 1202 uxore
732 1167 790 1202 sua
811 1149 1007 1217 licuigunde
1036 1151 1067 1203 in
1096 1149 1243 1203 ecclesia
1262 1149 1374 1202 sancti
1397 1149 1489 1201 Petri

40 1227 264 1301 totstteb'rtttin
294 1246 528 1314 imperatorem
556 1245 770 1298 Romanorum
797 1250 977 1299 coronatus
996 1251 1049 1299 est
1068 1264 1137 1299 auno
1157 1245 1262 1298 Domini
1286 1246 1353 1300 1014
1375 1243 1412 1296 Vl
1434 1243 1491 1298 kal.

230 1341 333 1405 Marcii,
348 1344 364 1407 't
394 1343 448 1411 qai
477 1347 554 1395 tunc
592 1343 755 1396 dominicus
783 1343 913 1396 extitit.
971 1343 1018 1395 lbi
1049 1342 1279 1412 Meynwercus
1308 1341 1492 1410 episcopus

230 1439 519 1493 Pederburnensis
542 1438 690 1493 obtinuit
717 1439 933 1509 privilegium
961 1439 1053 1493 sedis
1081 1437 1269 1508 apostolice
1297 1455 1400 1508 super
1428 1455 1493 1489 orn·

230 1534 327 1588 nibus
355 1535 472 1588 bonisc
498 1534 588 1589 datis
607 1540 640 1588 et
658 1535 776 1588 dandis
795 1535 939 1589 ecclesie
959 1553 1016 1589 aue
1036 1539 1069 1589 et
1096 1535 1396 1589 confirmacionem
1426 1535 1493 1603 pri·

230 1632 430 1700 vilegiorum
459 1650 730 1702 quorumcunque
759 1650 954 1686 summorum
975 1633 1173 1702 pontificum
1194 1649 1231 1685 ac
1250 1632 1491 1701 imperatorum

38 1744 219 1790 mmmm,
235 1729 340 1783 eidem
360 1729 505 1783 ecclesie
524 1748 581 1783 sue
600 1747 848 1794 concessorum,
877 1733 909 1783 et
928 1729 1019 1784 dedit
1037 1730 1066 1783 ei
1087 1728 1289 1783 Benedictus
1317 1745 1404 1799 papa
1432 1727 1493 1781 reli·

230 1828 309 1896 quiae
341 1833 503 1888 sanctorum,
532 1827 697 1881 videlicet
721 1829 781 1881 duo
814 1846 932 1898 corpore
960 1846 1029 1881 cum
1063 1827 1198 1881 dimidio
1228 1832 1333 1897 septem
1362 1827 1493 1889 fratrum,

231 1925 347 1977 tiliorum
367 1929 461 1978 sancte
483 1924 641 1984 Felicitatis,
673 1929 752 1994 puta
780 1924 907 1994 Phitippi,
936 1923 1077 1978 luvenalis
1096 1929 1124 1978 et
1142 1923 1247 1985 Felicis,
1277 1928 1305 1977 et
1324 1923 1495 1992 reliquias

231 2023 318 2074 sancti
339 2021 421 2074 Blasii
442 2021 613 2089 martyris.
652 2020 816 2074 Henricus
836 2022 982 2090 imperator
1008 2025 1182 2090 postquem
1210 2024 1392 2074 coronatus
1421 2026 1494 2081 est,

170 2139 202 2175 az.
231 2143 408 2192 regressus
436 2127 473 2179 ab
502 2126 581 2179 urbo
609 2132 640 2178 et
661 2126 792 2195 Alpibus
820 2127 1011 2179 transcensis
1054 2119 1141 2182 venit
1165 2119 1196 2181 ln
1219 2117 1433 2183 Germaniam
1459 2124 1494 2182 et

230 2229 365 2284 divisod
395 2231 515 2284 exercitu
554 2231 688 2284 diversa
721 2232 795 2285 loca
822 2237 960 2285 sancta⁰
992 2232 1166 2301 proposuit
1194 2231 1347 2286 visitare.
1398 2230 1494 2286 Unde

170 2340 202 2379 aa.
231 2328 371 2381 veniens
390 2327 546 2381 Cluniacum
575 2328 612 2380 ob
633 2329 887 2383 veneracionem
911 2327 1044 2382 sanctis
1068 2327 1241 2382 Benedicti
1271 2328 1376 2382 malta
1406 2328 1495 2382 dona

231 2424 360 2493 regalia
388 2425 553 2477 tratribus
572 2425 769 2479 monasterii
789 2425 883 2478 illius
902 2425 1055 2478 contulit.
1094 2424 1283 2495 Meynwercus
1301 2442 1367 2478 vero
1387 2425 1493 2494 episeo

231 2537 282 2590 pue
301 2521 571 2575 Paderfontanae
590 2521 624 2575 ab
643 2522 740 2575 abbate
760 2523 842 2592 peciit
860 2521 989 2576 tredecim
1009 2523 1116 2584 fratres,
1147 2521 1267 2591 quibus
1285 2522 1317 2576 in
1340 2523 1493 2577 civitate

231 2618 496 2672 Pederburnenei
518 2619 756 2673 monesterium
776 2619 806 2672 in
826 2619 981 2673 honorem
1001 2620 1110 2672 sancti
1130 2618 1306 2673 Benedicti
1334 2625 1493 2674 constru-

229 2733 283 2769 ere
303 2714 501 2783 pollicetur,
527 2716 647 2784 quibus
672 2716 737 2769 sibi
765 2716 950 2778 concessis,
980 2716 1051 2785 ipse
1080 2733 1140 2770 cum
1169 2715 1294 2770 eisdem
1313 2717 1394 2786 panis
1415 2735 1493 2787 pon·

228 2812 304 2866 dere
333 2817 365 2865 et
393 2817 473 2882 potus
500 2830 652 2867 mensura
670 2831 739 2866 oum
767 2813 869 2881 regula,
896 2812 1103 2882 anthiphonario
1131 2816 1159 2866 et
1177 2812 1346 2883 hymnarioss
1376 2831 1494 2869 secam

31 2919 167 2963 Ποίων.
178 2923 221 2962 tat.
233 2910 382 2979 assumptis
410 2909 534 2964 domam
561 2909 738 2979 repedavit
766 2915 794 2963 et
820 2884 998 2980 capellamin
1026 2910 1153 2964 bonorem
1181 2910 1269 2963 sancti
1298 2909 1444 2965 Benedicti
1465 2913 1495 2966 in
1516 2932 1564 2969 aas

232 3009 391 3062 occidentali
421 3014 497 3079 parte
525 3010 645 3062 civitatis
674 3009 777 3078 primo
807 3009 932 3062 fundavit
959 3014 991 3062 et
1021 3013 1137 3079 postea
1156 3007 1399 3062 monesterium
1419 3027 1494 3064 cuni

230 3106 379 3160 ecclesis
399 3107 518 3160 ibidem
540 3106 722 3173 magnifiee
742 3105 924 3174 complevit
954 3109 985 3158 et
1014 3105 1118 3159 eidem
1147 3103 1276 3174 capelle
1306 3104 1339 3158 in
1368 3104 1494 3160 North-

230 3202 402 3257 borclrenlt
423 3203 584 3272 quandam
605 3204 729 3256 domum
745 3221 813 3256 cum
834 3203 960 3256 decima
988 3203 1092 3272 primo
1112 3203 1143 3256 in
1163 3202 1273 3257 dotem
1293 3204 1494 3272 assignarit

39 3317 217 3362 vossiano.
232 3305 264 3354 et
284 3305 402 3370 postea
422 3301 588 3354 fratribus
608 3298 705 3369 ipsisi
735 3299 838 3352 multa
853 3298 1137 3368 prediacontulit.
1160 3297 1281 3353 Priusk
1298 3316 1494 3370 veroquam

228 3398 442 3451 consecravit
472 3398 555 3451 hanc
583 3396 764 3466 capellam,
793 3397 948 3450 maiorem
973 3397 1152 3450 ecclesiam
1175 3394 1494 3453 Paderburnensem

44 3505 216 3559 calesmata.
231 3495 291 3548 iarn
321 3495 501 3562 niagnilice
521 3499 778 3548 consummatam
799 3493 970 3547 dedicavit
989 3511 1072 3547 anno
1091 3492 1221 3546 Domini
1244 3494 1313 3546 tom
1332 3492 1413 3547 xvtt
1434 3493 1493 3549 kat.

228 3592 362 3647 Octobris.

336 3690 372 3753 Et
408 3691 482 3754 inde
515 3694 574 3766 est,
609 3691 696 3771 quod
732 3691 762 3752 in
797 3689 911 3753 cadero
941 3689 1074 3752 ecclesia
1099 3686 1208 3751 adhuc
1233 3688 1369 3768 singulis
1393 3690 1495 3754 tinnis

228 3809 378 3869 servatur
410 3805 471 3869 sub
507 3806 639 3870 nomine
667 3804 885 3869 dedicacionis
919 3804 1051 3885 plenum
1085 3802 1225 3866 olfieium
1260 3802 1303 3867 de
1333 3804 1494 3869 omnibus

229 3922 358 3986 Sanctis
391 3921 469 3984 feria
498 3921 611 4002 qllinto
636 3925 778 4002 quatuor
807 3925 989 4000 temporum
1020 3917 1140 3983 mensis
1168 3917 1384 3999 Septembris,
1413 3939 1493 4001 que,

228 4037 419 4119 priusquam
441 4037 663 4100 institueretur
696 4039 813 4098 octava
837 4029 1035 4098 nativitatis¹
1071 4033 1167 4098 beate
1199 4031 1309 4107 Maris,
1343 4034 1493 4100 crastino

319 4219 333 4247 ἢ
354 4207 446 4275 dirigit
467 4206 526 4260 Par.
585 4206 599 4243 ¹*
619 4210 688 4258 itaut
710 4205 772 4260 l'ad.
830 4216 842 4244 ⁰
866 4224 911 4256 rm·
931 4204 1007 4257 bonis
1028 4209 1061 4255 iet
1081 4203 1153 4258 datis
1172 4204 1380 4256 ‹teretem-team
1405 4203 1489 4259 Caes.

231 4295 377 4349 ddimisso
398 4295 518 4358 (Dmclrl.
592 4308 604 4332 e
628 4298 697 4345 'teret
718 4294 781 4347 l‘ad.
848 4291 859 4332 1'
883 4293 954 4347 beati
975 4292 1035 4346 Par.
1091 4295 1155 4345 ttet
1173 4290 1317 4360 hymneus
1335 4293 1409 4345 deest
1424 4290 1492 4346 Par.

231 4381 475 4447 hNorthborglren
496 4385 637 4433 certatam-t
668 4387 693 4431 tn
724 4381 926 4434 Northborrhen
956 4379 1020 4433 Pad.
1112 4377 1119 4419 l
1150 4383 1184 4431 im
1221 4381 1287 4432 Text
1319 4377 1383 4432 istis
1409 4378 1491 4435 Can.

234 4471 356 4541 ltprimo
376 4471 440 4524 Pad.
471 4471 497 4523 lt.
519 4469 639 4524 tDnreltt.
715 4469 720 4508 ¹
752 4488 803 4522 rina
822 4469 943 4522 civitatis
962 4466 1083 4527 tDruck).

326 4627 343 4689 'l
370 4628 457 4692 l'eryl.
484 4624 646 4676 l'urirmtrd
669 4629 694 4675 in
719 4627 823 4678 tuom
844 4625 966 4691 Artapube
989 4625 1035 4674 dea
1057 4623 1196 4674 Thietmor
1214 4625 1243 4675 δ’.
1263 4626 1324 4675 193.
