3352 5166
762 385 794 395 -
835 351 954 410 mo-

231 511 359 578 auxiliis
389 511 704 592 consanguineorum
730 530 863 575 suorum
896 511 1016 577 ducum
1049 511 1189 578 Bavarie
1218 512 1321 578 lretus
1351 530 1484 593 guerras

232 647 368 707 magnas
401 646 476 690 cum
510 626 624 690 eodem
658 626 849 690 adversario
881 646 941 690 suo
974 627 1108 698 habuit:
1141 646 1244 709 quare
1275 626 1364 692 ultra
1390 626 1484 709 quin·

231 741 334 805 decim
360 761 499 818 menseS,
523 741 674 822 quamvis
697 760 775 822 sepe
798 760 857 820 per
885 741 1062 821 capitulum
1086 745 1221 822 rogatus
1243 745 1276 807 et
1299 740 1483 825 requisitae,

231 855 466 920 Paderbornea
499 856 609 919 venire
643 855 777 919 distulit.
834 855 929 920 Unde
957 856 1084 934 accidit,
1117 856 1206 938 quod
1234 874 1351 921 omnes
1374 859 1484 939 rapto·

231 989 282 1034 res
315 973 383 1033 tam
419 971 450 1032 in
483 970 604 1034 diocesi
642 970 907 1035 Paderburnensi
939 990 1039 1052 quam
1073 972 1106 1035 in
1138 971 1216 1037 locis
1249 971 1485 1037 circumvicinis

231 1084 419 1149 habitantes
444 1084 515 1162 illis,
541 1085 596 1165 qui
621 1084 811 1149 iamdudum
836 1089 951 1150 contra
975 1085 1151 1168 Symonem
1184 1085 1376 1170 episcopum
1407 1104 1486 1151 con·

230 1199 445 1280 spiraverunt,
482 1200 626 1264 adiuncti
657 1199 810 1264 diocesim
840 1199 1147 1264 paderburnensem
1179 1200 1337 1266 incendiis
1368 1204 1401 1266 et
1433 1218 1486 1264 ra·

231 1314 315 1395 pinis
339 1314 566 1379 miserabiliter
590 1318 811 1391 vastaverunt,
845 1334 984 1396 quorum
1009 1316 1155 1379 omnium
1188 1314 1378 1397 principalis
1408 1314 1486 1381 Fre·

231 1428 357 1492 dericus
389 1428 429 1492 de
453 1428 641 1509 Pathborgb
665 1430 771 1493 iunior
794 1434 875 1494 erat.
916 1431 954 1493 Et
981 1430 1059 1493 dum
1079 1435 1310 1513 prosperatum
1329 1436 1381 1495 est
1403 1450 1486 1512 opus

231 1539 382 1606 malurnb
416 1544 448 1606 in
487 1545 639 1608 manibus
676 1564 801 1620 eorum,
842 1545 976 1627 quidam
1015 1566 1053 1610 ex
1093 1545 1170 1627 ipsis
1207 1564 1291 1612 ausu
1327 1545 1486 1627 sacrilego

230 1657 452 1739 blasphemias
476 1659 507 1721 in
533 1661 664 1723 sanctos
689 1659 746 1724 llei
770 1660 956 1725 referebant
988 1661 1152 1726 dicentes:
1186 1660 1357 1737 ‚Sanctum
1389 1660 1487 1725 Libo·

230 1772 313 1835 rium
339 1773 474 1837 ecclesie
497 1772 778 1839 paderburnensis
802 1779 979 1856 patronum
1004 1796 1075 1840 esse
1098 1779 1288 1853 castratum,
1312 1775 1391 1858 quia
1410 1774 1487 1839 viri·

230 1887 272 1951 lia
297 1887 339 1951 ad
363 1888 580 1951 resistendum
606 1889 651 1952 eis
676 1909 740 1953 non
765 1891 923 1955 haberet!
958 1890 1109 1955 Ordinati
1127 1895 1204 1954 sunt
1222 1893 1334 1955 autem
1349 1888 1485 1972 quidam

231 2002 393 2082 capitanei
417 2003 534 2067 milicie
558 2023 616 2084 per
639 2004 819 2086 capitulum
850 2009 882 2069 et
917 2005 1050 2069 ecclesie
1074 2004 1195 2081 fideles
1225 2004 1376 2070 videlicet
1408 2005 1488 2069 Ber·

231 2117 339 2180 toldus
374 2117 415 2181 de
452 2117 709 2197 Natlresungben
747 2124 779 2184 et
815 2119 970 2183 Ludolsus
1003 2124 1035 2184 et
1067 2120 1276 2184 Hermannus
1308 2118 1350 2184 de
1383 2119 1488 2185 Herse

231 2231 358 2307 iratres
383 2237 561 2313 postquam
587 2233 797 2298 Gberhardus
829 2235 969 2316 Spegbel
986 2245 1010 2311 ⁰,
1045 2235 1237 2316 capitaneus
1269 2238 1302 2298 et
1334 2232 1488 2301 defensor

232 2347 364 2411 ecclesie
388 2347 470 2411 alias
494 2347 626 2425 electus,
651 2370 670 2412 a
695 2350 848 2430 predictis
872 2350 1006 2415 ecclesie
1030 2350 1226 2415 adversariis
1258 2349 1357 2413 nimis
1380 2349 1488 2432 inopi·
1517 2379 1519 2383 ’

231 2466 308 2525 nate
332 2463 463 2525 inermis
488 2467 603 2543 captus
628 2468 687 2527 est.
734 2464 774 2527 Hi
800 2484 872 2529 cum
897 2464 1019 2529 eisdem
1043 2464 1208 2544 congressi
1231 2483 1389 2529 unacum
1405 2464 1489 2529 lide·

231 2577 315 2640 libus
339 2575 512 2641 simililer¹¹
544 2578 631 2659 capti
656 2582 730 2642 sunt
765 2584 873 2660 preter
896 2579 1109 2644 Bertholdum
1142 2579 1184 2644 de
1215 2578 1487 2659 Nathesunglrcm

231 2692 286 2771 qui
311 2693 363 2754 rix
388 2712 487 2773 eques
512 2693 630 2757 eradit.
678 2694 788 2771 Quare
812 2695 935 2757 domini
959 2694 999 2758 de
1023 2694 1165 2776 capitulo
1197 2693 1330 2760 ecclesie
1363 2693 1489 2759 Pader·

231 2806 412 2883 burnensist,
436 2812 472 2870 ut
497 2809 643 2888 captivos
668 2809 739 2872 illos
763 2808 922 2873 redimere
951 2812 1094 2890 possent,
1128 2813 1160 2873 et
1191 2828 1233 2873 ue
1256 2809 1391 2873 omnino
1416 2808 1489 2874 dio-

231 2921 312 2984 cesis
335 2920 616 2985 Paderburncnsis
649 2922 880 2991 destrueretur.
914 2924 1108 2988 necessitate
1139 2922 1244 2988 coacti
1276 2922 1487 2988 Fredericum

231 3034 271 3096 de
296 3035 482 3115 Patlrbergli
508 3036 698 3099 inimicum⁰
720 3056 815 3100 suum
840 3037 1030 3118 precipuum
1056 3038 1088 3100 in
1121 3037 1329 3119 capitaneum
1363 3042 1396 3103 et
1429 3038 1490 3102 de·

231 3148 391 3213 sensorem
417 3151 466 3213 sui
491 3155 523 3213 et
546 3170 680 3214 suornm
706 3156 896 3233 receperunt
932 3157 964 3215 et
987 3172 1047 3233 pro
1071 3156 1159 3217 certa
1183 3151 1319 3233 pecunie
1343 3170 1488 3225 summa,

232 3283 298 3344 qua
324 3265 445 3345 captivi
470 3270 563 3329 erant
588 3286 626 3328 ex
647 3264 822 3330 condit-tos
848 3266 1038 3343 redimendi,
1059 3270 1201 3330 castrum
1216 3264 1489 3346 Dringhenbergh

230 3378 258 3440 oi
284 3378 489 3443 tradiderunt
513 3380 704 3458 obligatum.

337 3493 424 3557 Inter
448 3494 507 3558 licc
531 3496 682 3558 dominus
708 3496 859 3558 leranus
882 3514 968 3575 papa
992 3498 1103 3558 sentus
1133 3493 1328 3576 Rupertum‚
1363 3493 1408 3558 ab
1431 3513 1487 3561 eo·

229 3606 326 3671 clesia
360 3607 621 3672 Paderburnensi
655 3610 867 3691 postulatum,
910 3608 1051 3673 maxime
1084 3609 1126 3671 ad
1159 3608 1354 3673 instanciam
1391 3608 1488 3673 ducis

28 3721 361 3789 (isesinrarznarlustrie
402 3722 443 3786 de
487 3723 621 3787 ecclesia
659 3723 845 3788 Pataricnsi
890 3724 931 3788 ad
970 3723 1138 3787 ecclesiam
1177 3721 1485 3788 paderburnensem

230 3836 406 3899 transtulit.
454 3837 491 3899 Et
516 3839 561 3901 sic
584 3845 659 3919 post
692 3843 802 3903 temtus
835 3838 1075 3901 Padcrlonlane
1108 3837 1240 3902 ecclesie
1273 3836 1382 3902 clades
1414 3837 1486 3919 ipse

228 3949 379 4014 dominus
403 3952 580 4033 Rupertus,
606 3974 692 4034 papa
718 3954 849 4019 Urbano
875 3954 938 4017 iam
964 3953 1127 4023 defuncto,
1161 3953 1249 4017 venit
1272 3952 1485 4019 Paderborne

50 4068 262 4129 monloel
287 4065 368 4128 l'lll.
398 4066 442 4129 ld.
468 4067 587 4148 Aprilis
621 4069 857 4132 inllnoninrlus
892 4072 950 4143 cst,
994 4088 1081 4132 auno
1114 4066 1244 4130 Domini
1281 4068 1374 4131 1390.
1422 4066 1485 4133 Hic

319 4284 334 4313 ἢ
354 4272 552 4327 Padarbornam
573 4273 693 4339 (Dmckl.
750 4273 765 4313 lt
784 4274 885 4327 malum
912 4290 978 4343 opus
998 4273 1026 4328 L.
1082 4276 1187 4326 ederat
1207 4270 1328 4339 (Druck).
1382 4269 1399 4312 (Ι
1419 4271 1487 4327 ilde·

228 4358 292 4413 liter
310 4360 375 4415 Pad.
449 4376 462 4401 t·
485 4363 512 4415 in
532 4363 631 4418 inimic.
651 4363 711 4416 l’ttr.
796 4362 929 4415 svm-lna·
948 4362 1020 4415 dicto
1039 4364 1244 4415 ‹turcian-telum
1264 4360 1330 4415 Ped.

229 4572 364 4639 lluprcclrl
396 4576 463 4625 ntea
492 4573 560 4624 aare
590 4572 743 4624 lura-lara
774 4581 881 4626 runem
912 4590 976 4639 creir,
1010 4573 1103 4623 criucll
1134 4574 1221 4637 (r'cory
1248 4589 1296 4623 ron
1326 4570 1486 4627 llodeuiohe

227 4662 315 4713 ‹licrrlc
330 4661 482 4727 pntpalticlre
501 4662 639 4712 I'roriniaem
659 4662 710 4709 dna
730 4663 835 4714 Bistam
856 4663 969 4714 Iteratur.
1001 4662 1060 4712 eiu·
1079 4662 1122 4711 dic
1143 4662 1228 4711 baean
1248 4660 1329 4725 croyl.
1350 4659 1445 4714 muer.
