<?xml version="1.0" encoding="UTF-8"?>
<!DOCTYPE html PUBLIC "-//W3C//DTD XHTML 1.0 Transitional//EN"
    "http://www.w3.org/TR/xhtml1/DTD/xhtml1-transitional.dtd">
<html xmlns="http://www.w3.org/1999/xhtml" xml:lang="en" lang="en">
 <head>
  <title>
</title>
<meta http-equiv="Content-Type" content="text/html;charset=utf-8" />
  <meta name='ocr-system' content='tesseract 3.04.00' />
  <meta name='ocr-capabilities' content='ocr_page ocr_carea ocr_par ocr_line ocrx_word'/>
</head>
<body>
  <div class='ocr_page' id='page_1' title='image "./cosmidromiusund00persgoog_0259.png"; bbox 0 0 3390 5160; ppageno 0'>
   <div class='ocr_carea' id='block_1_1' title="bbox 764 310 957 367">
    <p class='ocr_par' dir='ltr' id='par_1_1' title="bbox 764 310 957 367">
     <span class='ocr_line' id='line_1_1' title="bbox 764 310 957 367; baseline 0.005 -16"><span class='ocrx_word' id='word_1_1' title='bbox 764 310 957 367; x_wconf 68' lang='grc'>,192-</span> 
     </span>
    </p>
   </div>
   <div class='ocr_carea' id='block_1_2' title="bbox 55 464 1542 4445">
    <p class='ocr_par' dir='ltr' id='par_1_2' title="bbox 55 464 1542 4445">
     <span class='ocr_line' id='line_1_2' title="bbox 235 464 1476 552; baseline -0.007 -18"><span class='ocrx_word' id='word_1_2' title='bbox 235 470 309 536; x_wconf 88' lang='lat' dir='ltr'>sacti</span> <span class='ocrx_word' id='word_1_3' title='bbox 333 469 461 552; x_wconf 91' lang='lat' dir='ltr'>penitus</span> <span class='ocrx_word' id='word_1_4' title='bbox 490 470 632 548; x_wconf 69' lang='lat' dir='ltr'>ignarus</span> <span class='ocrx_word' id='word_1_5' title='bbox 667 471 697 533; x_wconf 93' lang='lat' dir='ltr'>in</span> <span class='ocrx_word' id='word_1_6' title='bbox 724 474 830 534; x_wconf 91' lang='lat' dir='ltr'>castro</span> <span class='ocrx_word' id='word_1_7' title='bbox 854 489 914 532; x_wconf 90' lang='lat' dir='ltr'>sno</span> <span class='ocrx_word' id='word_1_8' title='bbox 939 467 1112 532; x_wconf 74' lang='lat' dir='ltr'>residebat.</span> <span class='ocrx_word' id='word_1_9' title='bbox 1169 466 1321 548; x_wconf 80' lang='lat' dir='ltr'>Cumque</span> <span class='ocrx_word' id='word_1_10' title='bbox 1354 464 1476 528; x_wconf 85' lang='lat' dir='ltr'>tlunmu</span> 
     </span>
     <span class='ocr_line' id='line_1_3' title="bbox 234 580 1478 666; baseline -0.006 -17"><span class='ocrx_word' id='word_1_11' title='bbox 234 586 372 649; x_wconf 89' lang='lat' dir='ltr'>incendii</span> <span class='ocrx_word' id='word_1_12' title='bbox 397 586 570 647; x_wconf 89' lang='lat' dir='ltr'>domorum</span> <span class='ocrx_word' id='word_1_13' title='bbox 594 585 795 666; x_wconf 89' lang='lat' dir='ltr'>perlustrans</span> <span class='ocrx_word' id='word_1_14' title='bbox 819 593 897 648; x_wconf 74' lang='lat' dir='ltr'>aera</span> <span class='ocrx_word' id='word_1_15' title='bbox 922 583 1063 646; x_wconf 88' lang='lat' dir='ltr'>bostium</span> <span class='ocrx_word' id='word_1_16' title='bbox 1097 581 1157 645; x_wconf 92' lang='lat' dir='ltr'>sibi</span> <span class='ocrx_word' id='word_1_17' title='bbox 1192 581 1348 644; x_wconf 83' lang='lat' dir='ltr'>indicarit</span> <span class='ocrx_word' id='word_1_18' title='bbox 1371 580 1478 643; x_wconf 76' lang='lat' dir='ltr'>adesse</span> 
     </span>
     <span class='ocr_line' id='line_1_4' title="bbox 233 694 1478 780; baseline -0.006 -17"><span class='ocrx_word' id='word_1_19' title='bbox 233 700 445 780; x_wconf 69' lang='lat' dir='ltr'>presenciam,</span> <span class='ocrx_word' id='word_1_20' title='bbox 479 699 548 780; x_wconf 89' lang='lat' dir='ltr'>ipse</span> <span class='ocrx_word' id='word_1_21' title='bbox 571 699 612 762; x_wconf 87' lang='lat' dir='ltr'>de</span> <span class='ocrx_word' id='word_1_22' title='bbox 636 700 795 762; x_wconf 86' lang='lat' dir='ltr'>exercitus</span> <span class='ocrx_word' id='word_1_23' title='bbox 818 718 931 762; x_wconf 89' lang='lat' dir='ltr'>eorum</span> <span class='ocrx_word' id='word_1_24' title='bbox 957 698 1149 760; x_wconf 80' lang='lat' dir='ltr'>informatus</span> <span class='ocrx_word' id='word_1_25' title='bbox 1181 695 1333 777; x_wconf 89' lang='lat' dir='ltr'>potencia</span> <span class='ocrx_word' id='word_1_26' title='bbox 1367 694 1478 757; x_wconf 88' lang='lat' dir='ltr'>bellum</span> 
     </span>
     <span class='ocr_line' id='line_1_5' title="bbox 233 809 1480 895; baseline -0.006 -20"><span class='ocrx_word' id='word_1_27' title='bbox 233 833 305 876; x_wconf 88' lang='lat' dir='ltr'>cum</span> <span class='ocrx_word' id='word_1_28' title='bbox 331 813 408 894; x_wconf 89' lang='lat' dir='ltr'>ipsis</span> <span class='ocrx_word' id='word_1_29' title='bbox 433 813 512 877; x_wconf 89' lang='lat' dir='ltr'>inire</span> <span class='ocrx_word' id='word_1_30' title='bbox 543 814 648 895; x_wconf 91' lang='lat' dir='ltr'>primo</span> <span class='ocrx_word' id='word_1_31' title='bbox 682 834 747 877; x_wconf 91' lang='lat' dir='ltr'>non</span> <span class='ocrx_word' id='word_1_32' title='bbox 782 813 990 894; x_wconf 72' lang='lat' dir='ltr'><strong>presumpsit.</strong></span> <span class='ocrx_word' id='word_1_33' title='bbox 1046 812 1086 875; x_wconf 79' lang='lat' dir='ltr'>m</span> <span class='ocrx_word' id='word_1_34' title='bbox 1119 811 1192 876; x_wconf 92' lang='lat' dir='ltr'>licet</span> <span class='ocrx_word' id='word_1_35' title='bbox 1224 809 1480 891; x_wconf 78' lang='lat' dir='ltr'>archiepiscopus</span> 
     </span>
     <span class='ocr_line' id='line_1_6' title="bbox 233 924 1480 1007; baseline -0.003 -18"><span class='ocrx_word' id='word_1_36' title='bbox 233 932 264 989; x_wconf 89' lang='lat' dir='ltr'>et</span> <span class='ocrx_word' id='word_1_37' title='bbox 288 947 397 991; x_wconf 87' lang='lat' dir='ltr'>comes</span> <span class='ocrx_word' id='word_1_38' title='bbox 421 928 575 991; x_wconf 70' lang='lat' dir='ltr'>antedicti</span> <span class='ocrx_word' id='word_1_39' title='bbox 601 929 684 991; x_wconf 88' lang='lat' dir='ltr'>intra</span> <span class='ocrx_word' id='word_1_40' title='bbox 710 928 941 992; x_wconf 89' lang='lat' dir='ltr'>terramillam</span> <span class='ocrx_word' id='word_1_41' title='bbox 968 931 1063 991; x_wconf 88' lang='lat' dir='ltr'>nocte</span> <span class='ocrx_word' id='word_1_42' title='bbox 1089 929 1246 1007; x_wconf 89' lang='lat' dir='ltr'>sequente</span> <span class='ocrx_word' id='word_1_43' title='bbox 1262 924 1480 987; x_wconf 85' lang='lat' dir='ltr'>castrametari</span> 
     </span>
     <span class='ocr_line' id='line_1_7' title="bbox 232 1038 1481 1122; baseline -0.002 -19"><span class='ocrx_word' id='word_1_44' title='bbox 232 1042 454 1119; x_wconf 88' lang='lat' dir='ltr'>decreverant,</span> <span class='ocrx_word' id='word_1_45' title='bbox 479 1042 650 1107; x_wconf 81' lang='lat' dir='ltr'>mulierum</span> <span class='ocrx_word' id='word_1_46' title='bbox 677 1047 787 1106; x_wconf 90' lang='lat' dir='ltr'>tamen</span> <span class='ocrx_word' id='word_1_47' title='bbox 811 1043 871 1106; x_wconf 93' lang='lat' dir='ltr'>loci</span> <span class='ocrx_word' id='word_1_48' title='bbox 895 1042 979 1105; x_wconf 91' lang='lat' dir='ltr'>illius</span> <span class='ocrx_word' id='word_1_49' title='bbox 1002 1040 1212 1122; x_wconf 88' lang='lat' dir='ltr'>dispendioso</span> <span class='ocrx_word' id='word_1_50' title='bbox 1240 1043 1362 1120; x_wconf 77' lang='lat' dir='ltr'>agente</span> <span class='ocrx_word' id='word_1_51' title='bbox 1395 1038 1481 1101; x_wconf 91' lang='lat' dir='ltr'>mini·</span> 
     </span>
     <span class='ocr_line' id='line_1_8' title="bbox 233 1152 1482 1239; baseline -0.003 -21"><span class='ocrx_word' id='word_1_52' title='bbox 233 1156 331 1218; x_wconf 88' lang='lat' dir='ltr'>stcrio</span> <span class='ocrx_word' id='word_1_53' title='bbox 355 1157 516 1233; x_wconf 87' lang='lat' dir='ltr'>dornibus,</span> <span class='ocrx_word' id='word_1_54' title='bbox 547 1177 628 1237; x_wconf 81' lang='lat' dir='ltr'>quas</span> <span class='ocrx_word' id='word_1_55' title='bbox 652 1177 712 1239; x_wconf 90' lang='lat' dir='ltr'>pro</span> <span class='ocrx_word' id='word_1_56' title='bbox 736 1157 831 1220; x_wconf 89' lang='lat' dir='ltr'>unius</span> <span class='ocrx_word' id='word_1_57' title='bbox 855 1157 1028 1222; x_wconf 86' lang='lat' dir='ltr'>dumtaxat</span> <span class='ocrx_word' id='word_1_58' title='bbox 1059 1155 1162 1219; x_wconf 91' lang='lat' dir='ltr'>noctis</span> <span class='ocrx_word' id='word_1_59' title='bbox 1184 1154 1363 1218; x_wconf 84' lang='lat' dir='ltr'>commocio</span> <span class='ocrx_word' id='word_1_60' title='bbox 1386 1158 1417 1217; x_wconf 85' lang='lat' dir='ltr'>ct</span> <span class='ocrx_word' id='word_1_61' title='bbox 1440 1152 1482 1215; x_wconf 90' lang='lat' dir='ltr'>in·</span> 
     </span>
     <span class='ocr_line' id='line_1_9' title="bbox 233 1267 1481 1354; baseline -0.004 -20"><span class='ocrx_word' id='word_1_62' title='bbox 233 1272 348 1335; x_wconf 87' lang='lat' dir='ltr'>cendio</span> <span class='ocrx_word' id='word_1_63' title='bbox 372 1271 513 1334; x_wconf 89' lang='lat' dir='ltr'>crastino</span> <span class='ocrx_word' id='word_1_64' title='bbox 537 1276 806 1354; x_wconf 86' lang='lat' dir='ltr'>presumpserunt</span> <span class='ocrx_word' id='word_1_65' title='bbox 830 1291 1007 1346; x_wconf 86' lang='lat' dir='ltr'>reservare,</span> <span class='ocrx_word' id='word_1_66' title='bbox 1041 1271 1194 1334; x_wconf 79' lang='lat' dir='ltr'>furtivum</span> <span class='ocrx_word' id='word_1_67' title='bbox 1219 1288 1280 1351; x_wconf 84' lang='lat' dir='ltr'>per</span> <span class='ocrx_word' id='word_1_68' title='bbox 1303 1267 1481 1332; x_wconf 72' lang='lat' dir='ltr'>incendium</span> 
     </span>
     <span class='ocr_line' id='line_1_10' title="bbox 234 1360 1542 1482; baseline -0.002 -35"><span class='ocrx_word' id='word_1_69' title='bbox 234 1386 387 1462; x_wconf 83' lang='lat' dir='ltr'>frustrati,</span> <span class='ocrx_word' id='word_1_70' title='bbox 413 1386 521 1448; x_wconf 92' lang='lat' dir='ltr'>subito</span> <span class='ocrx_word' id='word_1_71' title='bbox 546 1360 616 1467; x_wconf 74' lang='lat' dir='ltr'>ipsi,</span> <span class='ocrx_word' id='word_1_72' title='bbox 652 1392 820 1468; x_wconf 92' lang='lat' dir='ltr'>tamquam</span> <span class='ocrx_word' id='word_1_73' title='bbox 846 1387 1007 1467; x_wconf 80' lang='lat' dir='ltr'>principes</span> <span class='ocrx_word' id='word_1_74' title='bbox 1035 1386 1108 1467; x_wconf 91' lang='lat' dir='ltr'>plns</span> <span class='ocrx_word' id='word_1_75' title='bbox 1141 1384 1264 1448; x_wconf 85' lang='lat' dir='ltr'>deliciis</span> <span class='ocrx_word' id='word_1_76' title='bbox 1292 1402 1394 1465; x_wconf 88' lang='lat' dir='ltr'>quam</span> <span class='ocrx_word' id='word_1_77' title='bbox 1429 1388 1542 1482; x_wconf 50' lang='grc' dir='ltr'>1111·ξῇ</span> 
     </span>
     <span class='ocr_line' id='line_1_11' title="bbox 233 1491 1482 1581; baseline -0.007 -20"><span class='ocrx_word' id='word_1_78' title='bbox 233 1501 337 1563; x_wconf 85' lang='lat' dir='ltr'>ctnrni</span> <span class='ocrx_word' id='word_1_79' title='bbox 363 1501 487 1581; x_wconf 82' lang='lat' dir='ltr'>trigoris</span> <span class='ocrx_word' id='word_1_80' title='bbox 513 1502 730 1565; x_wconf 85' lang='lat' dir='ltr'>incommodis</span> <span class='ocrx_word' id='word_1_81' title='bbox 753 1501 886 1577; x_wconf 87' lang='lat' dir='ltr'>assueti,</span> <span class='ocrx_word' id='word_1_82' title='bbox 919 1501 1081 1564; x_wconf 84' lang='lat' dir='ltr'>subdivo</span> <span class='ocrx_word' id='word_1_83' title='bbox 1115 1502 1243 1563; x_wconf 90' lang='lat' dir='ltr'>noctem</span> <span class='ocrx_word' id='word_1_84' title='bbox 1277 1497 1400 1561; x_wconf 88' lang='lat' dir='ltr'>ducere</span> <span class='ocrx_word' id='word_1_85' title='bbox 1428 1491 1482 1559; x_wconf 80' lang='lat' dir='ltr'>sibi</span> 
     </span>
     <span class='ocr_line' id='line_1_12' title="bbox 233 1612 1481 1696; baseline -0.002 -20"><span class='ocrx_word' id='word_1_86' title='bbox 233 1635 332 1693; x_wconf 79' lang='lat' dir='ltr'>grave</span> <span class='ocrx_word' id='word_1_87' title='bbox 356 1616 452 1678; x_wconf 84' lang='lat' dir='ltr'>muris</span> <span class='ocrx_word' id='word_1_88' title='bbox 471 1617 677 1689; x_wconf 86' lang='lat' dir='ltr'>arbitrantes,</span> <span class='ocrx_word' id='word_1_89' title='bbox 699 1621 818 1680; x_wconf 88' lang='lat' dir='ltr'>terram</span> <span class='ocrx_word' id='word_1_90' title='bbox 846 1616 931 1680; x_wconf 92' lang='lat' dir='ltr'>illarn</span> <span class='ocrx_word' id='word_1_91' title='bbox 957 1634 1016 1696; x_wconf 88' lang='lat' dir='ltr'>pro</span> <span class='ocrx_word' id='word_1_92' title='bbox 1040 1618 1117 1678; x_wconf 94' lang='lat' dir='ltr'>tunc</span> <span class='ocrx_word' id='word_1_93' title='bbox 1142 1613 1229 1678; x_wconf 85' lang='lat' dir='ltr'>exire</span> <span class='ocrx_word' id='word_1_94' title='bbox 1253 1618 1286 1676; x_wconf 93' lang='lat' dir='ltr'>et</span> <span class='ocrx_word' id='word_1_95' title='bbox 1310 1612 1411 1694; x_wconf 85' lang='lat' dir='ltr'>ipsius</span> <span class='ocrx_word' id='word_1_96' title='bbox 1433 1632 1481 1675; x_wconf 80' lang='lat' dir='ltr'>ex·</span> 
     </span>
     <span class='ocr_line' id='line_1_13' title="bbox 235 1726 1482 1811; baseline -0.004 -19"><span class='ocrx_word' id='word_1_97' title='bbox 235 1729 501 1793; x_wconf 86' lang='lat' dir='ltr'>terruinacioncm</span> <span class='ocrx_word' id='word_1_98' title='bbox 526 1732 668 1794; x_wconf 92' lang='lat' dir='ltr'>crastino</span> <span class='ocrx_word' id='word_1_99' title='bbox 693 1750 860 1794; x_wconf 86' lang='lat' dir='ltr'>reservare</span> <span class='ocrx_word' id='word_1_100' title='bbox 895 1740 1023 1811; x_wconf 79' lang='lat' dir='ltr'>sequen</span> <span class='ocrx_word' id='word_1_101' title='bbox 1044 1729 1085 1793; x_wconf 88' lang='lat' dir='ltr'>ad</span> <span class='ocrx_word' id='word_1_102' title='bbox 1119 1728 1182 1793; x_wconf 92' lang='lat' dir='ltr'>alia</span> <span class='ocrx_word' id='word_1_103' title='bbox 1207 1728 1278 1792; x_wconf 88' lang='lat' dir='ltr'>loca</span> <span class='ocrx_word' id='word_1_104' title='bbox 1303 1728 1408 1791; x_wconf 86' lang='lat' dir='ltr'>vicina</span> <span class='ocrx_word' id='word_1_105' title='bbox 1438 1726 1482 1787; x_wconf 92' lang='lat' dir='ltr'>di·</span> 
     </span>
     <span class='ocr_line' id='line_1_14' title="bbox 235 1842 1482 1909; baseline -0.005 -3"><span class='ocrx_word' id='word_1_106' title='bbox 235 1843 317 1906; x_wconf 90' lang='lat' dir='ltr'>cioni</span> <span class='ocrx_word' id='word_1_107' title='bbox 342 1864 400 1907; x_wconf 89' lang='lat' dir='ltr'>suc</span> <span class='ocrx_word' id='word_1_108' title='bbox 423 1844 568 1909; x_wconf 86' lang='lat' dir='ltr'>subiecta</span> <span class='ocrx_word' id='word_1_109' title='bbox 588 1845 762 1908; x_wconf 74' lang='lat' dir='ltr'>transferre</span> <span class='ocrx_word' id='word_1_110' title='bbox 783 1845 916 1908; x_wconf 92' lang='lat' dir='ltr'>consilio</span> <span class='ocrx_word' id='word_1_111' title='bbox 931 1844 1157 1909; x_wconf 64' lang='lat' dir='ltr'>deliberabant</span> <span class='ocrx_word' id='word_1_112' title='bbox 1172 1843 1362 1906; x_wconf 90' lang='lat' dir='ltr'>immaturo.</span> <span class='ocrx_word' id='word_1_113' title='bbox 1390 1842 1482 1903; x_wconf 79' lang='lat' dir='ltr'>(bun-</span> 
     </span>
     <span class='ocr_line' id='line_1_15' title="bbox 234 1957 1483 2041; baseline -0.003 -21"><span class='ocrx_word' id='word_1_114' title='bbox 234 1978 297 2039; x_wconf 88' lang='lat' dir='ltr'>qnc</span> <span class='ocrx_word' id='word_1_115' title='bbox 323 1959 418 2035; x_wconf 87' lang='lat' dir='ltr'>riam,</span> <span class='ocrx_word' id='word_1_116' title='bbox 443 1979 622 2041; x_wconf 88' lang='lat' dir='ltr'>perquam</span> <span class='ocrx_word' id='word_1_117' title='bbox 648 1959 747 2040; x_wconf 90' lang='lat' dir='ltr'>paulo</span> <span class='ocrx_word' id='word_1_118' title='bbox 771 1964 847 2023; x_wconf 91' lang='lat' dir='ltr'>ante</span> <span class='ocrx_word' id='word_1_119' title='bbox 872 1959 1083 2035; x_wconf 88' lang='lat' dir='ltr'>intraverant,</span> <span class='ocrx_word' id='word_1_120' title='bbox 1107 1976 1280 2040; x_wconf 72' lang='lat' dir='ltr'>progressu</span> <span class='ocrx_word' id='word_1_121' title='bbox 1301 1957 1483 2035; x_wconf 53' lang='lat' dir='ltr'>festinae»</span> 
     </span>
     <span class='ocr_line' id='line_1_16' title="bbox 236 2072 1483 2155; baseline -0.001 -21"><span class='ocrx_word' id='word_1_122' title='bbox 236 2073 387 2146; x_wconf 90' lang='lat' dir='ltr'>tiverunt,</span> <span class='ocrx_word' id='word_1_123' title='bbox 423 2073 508 2136; x_wconf 90' lang='lat' dir='ltr'>illam</span> <span class='ocrx_word' id='word_1_124' title='bbox 533 2075 668 2138; x_wconf 88' lang='lat' dir='ltr'>sudilms</span> <span class='ocrx_word' id='word_1_125' title='bbox 691 2078 724 2137; x_wconf 91' lang='lat' dir='ltr'>et</span> <span class='ocrx_word' id='word_1_126' title='bbox 748 2075 877 2137; x_wconf 82' lang='lat' dir='ltr'>fossatis</span> <span class='ocrx_word' id='word_1_127' title='bbox 902 2075 1020 2138; x_wconf 88' lang='lat' dir='ltr'>iactam</span> <span class='ocrx_word' id='word_1_128' title='bbox 1046 2093 1181 2155; x_wconf 88' lang='lat' dir='ltr'>prorsus</span> <span class='ocrx_word' id='word_1_129' title='bbox 1205 2074 1326 2137; x_wconf 87' lang='lat' dir='ltr'>inviam</span> <span class='ocrx_word' id='word_1_130' title='bbox 1352 2077 1385 2137; x_wconf 92' lang='lat' dir='ltr'>et</span> <span class='ocrx_word' id='word_1_131' title='bbox 1407 2072 1483 2135; x_wconf 89' lang='lat' dir='ltr'>bati·</span> 
     </span>
     <span class='ocr_line' id='line_1_17' title="bbox 235 2187 1484 2270; baseline -0.002 -21"><span class='ocrx_word' id='word_1_132' title='bbox 235 2189 409 2252; x_wconf 92' lang='lat' dir='ltr'>stariorum</span> <span class='ocrx_word' id='word_1_133' title='bbox 440 2190 587 2252; x_wconf 87' lang='lat' dir='ltr'>custodia</span> <span class='ocrx_word' id='word_1_134' title='bbox 621 2190 779 2252; x_wconf 89' lang='lat' dir='ltr'>munitam</span> <span class='ocrx_word' id='word_1_135' title='bbox 812 2190 1015 2264; x_wconf 89' lang='lat' dir='ltr'>invenerunt,</span> <span class='ocrx_word' id='word_1_136' title='bbox 1053 2192 1256 2270; x_wconf 71' lang='lat' dir='ltr'>quiapropter</span> <span class='ocrx_word' id='word_1_137' title='bbox 1288 2187 1484 2251; x_wconf 83' lang='lat' dir='ltr'>declinantes</span> 
     </span>
     <span class='ocr_line' id='line_1_18' title="bbox 235 2302 1484 2385; baseline -0.003 -19"><span class='ocrx_word' id='word_1_138' title='bbox 235 2302 354 2366; x_wconf 84' lang='lat' dir='ltr'>abinde</span> <span class='ocrx_word' id='word_1_139' title='bbox 378 2303 485 2366; x_wconf 92' lang='lat' dir='ltr'>locum</span> <span class='ocrx_word' id='word_1_140' title='bbox 511 2303 610 2366; x_wconf 91' lang='lat' dir='ltr'>alium</span> <span class='ocrx_word' id='word_1_141' title='bbox 635 2323 694 2385; x_wconf 90' lang='lat' dir='ltr'>per</span> <span class='ocrx_word' id='word_1_142' title='bbox 716 2303 854 2385; x_wconf 90' lang='lat' dir='ltr'>paludes</span> <span class='ocrx_word' id='word_1_143' title='bbox 879 2304 938 2366; x_wconf 87' lang='lat' dir='ltr'>sibi</span> <span class='ocrx_word' id='word_1_144' title='bbox 964 2303 1111 2384; x_wconf 88' lang='lat' dir='ltr'>pervium</span> <span class='ocrx_word' id='word_1_145' title='bbox 1132 2303 1320 2379; x_wconf 82' lang='lat' dir='ltr'>eisecenmt,</span> <span class='ocrx_word' id='word_1_146' title='bbox 1352 2306 1384 2365; x_wconf 91' lang='lat' dir='ltr'>et</span> <span class='ocrx_word' id='word_1_147' title='bbox 1400 2304 1484 2382; x_wconf 77' lang='lat' dir='ltr'>post·</span> 
     </span>
     <span class='ocr_line' id='line_1_19' title="bbox 184 2415 1486 2498; baseline -0.003 -18"><span class='ocrx_word' id='word_1_148' title='bbox 184 2452 201 2463; x_wconf 85' lang='lat'>-·</span> <span class='ocrx_word' id='word_1_149' title='bbox 235 2437 335 2498; x_wconf 88' lang='lat' dir='ltr'>quam</span> <span class='ocrx_word' id='word_1_150' title='bbox 368 2418 632 2498; x_wconf 84' lang='lat' dir='ltr'>archiepiscopus</span> <span class='ocrx_word' id='word_1_151' title='bbox 664 2422 697 2481; x_wconf 92' lang='lat' dir='ltr'>et</span> <span class='ocrx_word' id='word_1_152' title='bbox 729 2438 838 2481; x_wconf 87' lang='lat' dir='ltr'>ccnnes</span> <span class='ocrx_word' id='word_1_153' title='bbox 872 2438 945 2482; x_wconf 90' lang='lat' dir='ltr'>curn</span> <span class='ocrx_word' id='word_1_154' title='bbox 980 2418 1142 2481; x_wconf 88' lang='lat' dir='ltr'>nonnullis</span> <span class='ocrx_word' id='word_1_155' title='bbox 1165 2417 1303 2481; x_wconf 88' lang='lat' dir='ltr'>armatis</span> <span class='ocrx_word' id='word_1_156' title='bbox 1327 2415 1486 2498; x_wconf 89' lang='lat' dir='ltr'>equitibus</span> 
     </span>
     <span class='ocr_line' id='line_1_20' title="bbox 236 2529 1487 2623; baseline -0.002 -29"><span class='ocrx_word' id='word_1_157' title='bbox 236 2536 268 2595; x_wconf 92' lang='lat' dir='ltr'>et</span> <span class='ocrx_word' id='word_1_158' title='bbox 291 2532 455 2613; x_wconf 87' lang='lat' dir='ltr'>peditibus</span> <span class='ocrx_word' id='word_1_159' title='bbox 479 2533 546 2596; x_wconf 91' lang='lat' dir='ltr'>suis</span> <span class='ocrx_word' id='word_1_160' title='bbox 571 2532 729 2595; x_wconf 81' lang='lat' dir='ltr'>universis</span> <span class='ocrx_word' id='word_1_161' title='bbox 754 2533 962 2623; x_wconf 91' lang='lat' dir='ltr'>transierunt,</span> <span class='ocrx_word' id='word_1_162' title='bbox 996 2532 1105 2596; x_wconf 85' lang='lat' dir='ltr'>villani</span> <span class='ocrx_word' id='word_1_163' title='bbox 1129 2551 1189 2613; x_wconf 91' lang='lat' dir='ltr'>per</span> <span class='ocrx_word' id='word_1_164' title='bbox 1212 2529 1350 2613; x_wconf 89' lang='lat' dir='ltr'>paludes</span> <span class='ocrx_word' id='word_1_165' title='bbox 1368 2530 1487 2593; x_wconf 90' lang='lat' dir='ltr'>discur-</span> 
     </span>
     <span class='ocr_line' id='line_1_21' title="bbox 236 2644 1486 2728; baseline -0.002 -19"><span class='ocrx_word' id='word_1_166' title='bbox 236 2651 343 2710; x_wconf 83' lang='lat' dir='ltr'>rentes</span> <span class='ocrx_word' id='word_1_167' title='bbox 376 2647 462 2711; x_wconf 87' lang='lat' dir='ltr'>viam</span> <span class='ocrx_word' id='word_1_168' title='bbox 496 2646 580 2711; x_wconf 90' lang='lat' dir='ltr'>banc</span> <span class='ocrx_word' id='word_1_169' title='bbox 613 2646 653 2709; x_wconf 90' lang='lat' dir='ltr'>de</span> <span class='ocrx_word' id='word_1_170' title='bbox 686 2666 773 2710; x_wconf 83' lang='lat' dir='ltr'>novo</span> <span class='ocrx_word' id='word_1_171' title='bbox 807 2647 926 2712; x_wconf 86' lang='lat' dir='ltr'>iactam</span> <span class='ocrx_word' id='word_1_172' title='bbox 964 2651 1124 2728; x_wconf 90' lang='lat' dir='ltr'>occupant</span> <span class='ocrx_word' id='word_1_173' title='bbox 1157 2650 1192 2709; x_wconf 87' lang='lat' dir='ltr'>et</span> <span class='ocrx_word' id='word_1_174' title='bbox 1225 2644 1486 2710; x_wconf 80' lang='lat' dir='ltr'>adversariorum</span> 
     </span>
     <span class='ocr_line' id='line_1_22' title="bbox 236 2758 1488 2842; baseline -0.003 -18"><span class='ocrx_word' id='word_1_175' title='bbox 236 2761 383 2842; x_wconf 92' lang='lat' dir='ltr'>plaustra</span> <span class='ocrx_word' id='word_1_176' title='bbox 395 2758 409 2797; x_wconf 76' lang='lat'>&#39;¹</span> <span class='ocrx_word' id='word_1_177' title='bbox 429 2762 565 2840; x_wconf 74' lang='lat' dir='ltr'>sagittas</span> <span class='ocrx_word' id='word_1_178' title='bbox 590 2762 726 2824; x_wconf 87' lang='lat' dir='ltr'>lcrcncia</span> <span class='ocrx_word' id='word_1_179' title='bbox 762 2782 835 2824; x_wconf 77' lang='lat' dir='ltr'>curm</span> <span class='ocrx_word' id='word_1_180' title='bbox 870 2761 1060 2826; x_wconf 88' lang='lat' dir='ltr'>bombardis</span> <span class='ocrx_word' id='word_1_181' title='bbox 1093 2759 1125 2823; x_wconf 91' lang='lat' dir='ltr'>in</span> <span class='ocrx_word' id='word_1_182' title='bbox 1159 2759 1318 2824; x_wconf 86' lang='lat' dir='ltr'>transitus</span> <span class='ocrx_word' id='word_1_183' title='bbox 1351 2762 1488 2835; x_wconf 66' lang='lat' dir='ltr'>angusto</span> 
     </span>
     <span class='ocr_line' id='line_1_23' title="bbox 236 2872 1489 2957; baseline -0.006 -19"><span class='ocrx_word' id='word_1_184' title='bbox 236 2876 360 2939; x_wconf 83' lang='lat' dir='ltr'>sortiter</span> <span class='ocrx_word' id='word_1_185' title='bbox 384 2880 544 2940; x_wconf 77' lang='lat' dir='ltr'>evertunt.</span> <span class='ocrx_word' id='word_1_186' title='bbox 593 2877 660 2941; x_wconf 88' lang='lat' dir='ltr'>lam</span> <span class='ocrx_word' id='word_1_187' title='bbox 685 2877 817 2957; x_wconf 91' lang='lat' dir='ltr'>quidem</span> <span class='ocrx_word' id='word_1_188' title='bbox 854 2876 962 2940; x_wconf 91' lang='lat' dir='ltr'>villani</span> <span class='ocrx_word' id='word_1_189' title='bbox 997 2876 1056 2956; x_wconf 91' lang='lat' dir='ltr'>ipsi</span> <span class='ocrx_word' id='word_1_190' title='bbox 1079 2874 1174 2957; x_wconf 86' lang='lat' dir='ltr'>quasi</span> <span class='ocrx_word' id='word_1_191' title='bbox 1193 2879 1339 2957; x_wconf 90' lang='lat' dir='ltr'>quatuor</span> <span class='ocrx_word' id='word_1_192' title='bbox 1362 2872 1489 2936; x_wconf 73' lang='lat' dir='ltr'>milibus</span> 
     </span>
     <span class='ocr_line' id='line_1_24' title="bbox 235 2987 1489 3072; baseline -0.004 -20"><span class='ocrx_word' id='word_1_193' title='bbox 235 2990 427 3070; x_wconf 76' lang='lat' dir='ltr'>sagittarum</span> <span class='ocrx_word' id='word_1_194' title='bbox 453 2990 579 3053; x_wconf 86' lang='lat' dir='ltr'>emissis</span> <span class='ocrx_word' id='word_1_195' title='bbox 604 2992 731 3053; x_wconf 88' lang='lat' dir='ltr'>lucrant</span> <span class='ocrx_word' id='word_1_196' title='bbox 756 2992 826 3055; x_wconf 87' lang='lat' dir='ltr'>telis</span> <span class='ocrx_word' id='word_1_197' title='bbox 850 3010 984 3072; x_wconf 90' lang='lat' dir='ltr'>prorsus</span> <span class='ocrx_word' id='word_1_198' title='bbox 1007 2990 1163 3064; x_wconf 85' lang='lat' dir='ltr'>destituti,</span> <span class='ocrx_word' id='word_1_199' title='bbox 1198 2988 1285 3055; x_wconf 89' lang='lat' dir='ltr'>unde</span> <span class='ocrx_word' id='word_1_200' title='bbox 1318 2992 1396 3052; x_wconf 91' lang='lat' dir='ltr'>tunc</span> <span class='ocrx_word' id='word_1_201' title='bbox 1421 2987 1489 3051; x_wconf 86' lang='lat' dir='ltr'>telis</span> 
     </span>
     <span class='ocr_line' id='line_1_25' title="bbox 237 3099 1490 3186; baseline -0.002 -20"><span class='ocrx_word' id='word_1_202' title='bbox 237 3105 268 3166; x_wconf 96' lang='lat' dir='ltr'>in</span> <span class='ocrx_word' id='word_1_203' title='bbox 294 3104 447 3185; x_wconf 86' lang='lat' dir='ltr'>planstris</span> <span class='ocrx_word' id='word_1_204' title='bbox 472 3105 613 3168; x_wconf 87' lang='lat' dir='ltr'>bostium</span> <span class='ocrx_word' id='word_1_205' title='bbox 640 3106 783 3168; x_wconf 76' lang='lat' dir='ltr'>eversis⁰</span> <span class='ocrx_word' id='word_1_206' title='bbox 807 3106 985 3186; x_wconf 86' lang='lat' dir='ltr'>acquisitis,</span> <span class='ocrx_word' id='word_1_207' title='bbox 1010 3104 1144 3168; x_wconf 84' lang='lat' dir='ltr'>balistas</span> <span class='ocrx_word' id='word_1_208' title='bbox 1167 3099 1324 3167; x_wconf 71' lang='grc' dir='ltr'>1111311111ΙΙ</span> <span class='ocrx_word' id='word_1_209' title='bbox 1347 3102 1490 3172; x_wconf 69' lang='lat' dir='ltr'>trallunt,</span> 
     </span>
     <span class='ocr_line' id='line_1_26' title="bbox 237 3200 1491 3298; baseline -0.002 -17"><span class='ocrx_word' id='word_1_210' title='bbox 237 3218 373 3298; x_wconf 76' lang='lat' dir='ltr'>sagittas</span> <span class='ocrx_word' id='word_1_211' title='bbox 398 3219 470 3281; x_wconf 90' lang='lat' dir='ltr'>binc</span> <span class='ocrx_word' id='word_1_212' title='bbox 497 3218 581 3287; x_wconf 83' lang='lat' dir='ltr'>inde,</span> <span class='ocrx_word' id='word_1_213' title='bbox 607 3224 683 3282; x_wconf 92' lang='lat' dir='ltr'>ante</span> <span class='ocrx_word' id='word_1_214' title='bbox 707 3224 739 3282; x_wconf 89' lang='lat' dir='ltr'>et</span> <span class='ocrx_word' id='word_1_215' title='bbox 764 3224 850 3283; x_wconf 86' lang='lat' dir='ltr'>retro</span> <span class='ocrx_word' id='word_1_216' title='bbox 884 3220 1026 3297; x_wconf 75' lang='lat' dir='ltr'>dirigunt</span> <span class='ocrx_word' id='word_1_217' title='bbox 1050 3222 1082 3283; x_wconf 91' lang='lat' dir='ltr'>et</span> <span class='ocrx_word' id='word_1_218' title='bbox 1110 3200 1491 3298; x_wconf 41' lang='lat' dir='ltr'>aclrersarios’propriis</span> 
     </span>
     <span class='ocr_line' id='line_1_27' title="bbox 237 3330 1492 3414; baseline -0.004 -18"><span class='ocrx_word' id='word_1_219' title='bbox 237 3353 350 3396; x_wconf 88' lang='lat' dir='ltr'>eorum</span> <span class='ocrx_word' id='word_1_220' title='bbox 376 3333 487 3396; x_wconf 89' lang='lat' dir='ltr'>iaculis</span> <span class='ocrx_word' id='word_1_221' title='bbox 521 3333 571 3394; x_wconf 79' lang='lat' dir='ltr'>rie</span> <span class='ocrx_word' id='word_1_222' title='bbox 606 3333 650 3396; x_wconf 86' lang='lat' dir='ltr'>sic</span> <span class='ocrx_word' id='word_1_223' title='bbox 684 3333 832 3414; x_wconf 80' lang='lat' dir='ltr'>preclusa</span> <span class='ocrx_word' id='word_1_224' title='bbox 855 3337 968 3398; x_wconf 91' lang='lat' dir='ltr'>arcent</span> <span class='ocrx_word' id='word_1_225' title='bbox 1001 3333 1044 3397; x_wconf 92' lang='lat' dir='ltr'>ab</span> <span class='ocrx_word' id='word_1_226' title='bbox 1076 3351 1221 3396; x_wconf 81' lang='lat' dir='ltr'>accessu.</span> <span class='ocrx_word' id='word_1_227' title='bbox 1268 3330 1365 3395; x_wconf 86' lang='lat' dir='ltr'>Unde</span> <span class='ocrx_word' id='word_1_228' title='bbox 1398 3334 1492 3394; x_wconf 87' lang='lat' dir='ltr'>nocte</span> 
     </span>
     <span class='ocr_line' id='line_1_28' title="bbox 237 3443 1492 3528; baseline -0.001 -20"><span class='ocrx_word' id='word_1_229' title='bbox 237 3447 486 3528; x_wconf 78' lang='lat' dir='ltr'>superveniente</span> <span class='ocrx_word' id='word_1_230' title='bbox 510 3447 670 3527; x_wconf 75' lang='lat' dir='ltr'>principes</span> <span class='ocrx_word' id='word_1_231' title='bbox 696 3447 754 3528; x_wconf 81' lang='lat' dir='ltr'>ipsi</span> <span class='ocrx_word' id='word_1_232' title='bbox 781 3448 955 3528; x_wconf 82' lang='lat' dir='ltr'>imminutis</span> <span class='ocrx_word' id='word_1_233' title='bbox 989 3445 1205 3509; x_wconf 85' lang='lat' dir='ltr'>incommodis</span> <span class='ocrx_word' id='word_1_234' title='bbox 1237 3445 1376 3525; x_wconf 71' lang='lat' dir='ltr'>latigati,</span> <span class='ocrx_word' id='word_1_235' title='bbox 1412 3443 1492 3509; x_wconf 80' lang='lat' dir='ltr'>diei·</span> 
     </span>
     <span class='ocr_line' id='line_1_29' title="bbox 237 3559 1491 3641; baseline -0.001 -20"><span class='ocrx_word' id='word_1_236' title='bbox 237 3562 296 3624; x_wconf 91' lang='lat' dir='ltr'>sim</span> <span class='ocrx_word' id='word_1_237' title='bbox 323 3581 380 3641; x_wconf 88' lang='lat' dir='ltr'>per</span> <span class='ocrx_word' id='word_1_238' title='bbox 403 3561 497 3623; x_wconf 79' lang='lat' dir='ltr'>deria</span> <span class='ocrx_word' id='word_1_239' title='bbox 521 3560 614 3640; x_wconf 84' lang='lat' dir='ltr'>qrrasi</span> <span class='ocrx_word' id='word_1_240' title='bbox 640 3565 707 3623; x_wconf 92' lang='lat' dir='ltr'>tota</span> <span class='ocrx_word' id='word_1_241' title='bbox 733 3566 827 3623; x_wconf 87' lang='lat' dir='ltr'>nocte</span> <span class='ocrx_word' id='word_1_242' title='bbox 851 3562 1039 3625; x_wconf 89' lang='lat' dir='ltr'>laborantes</span> <span class='ocrx_word' id='word_1_243' title='bbox 1063 3563 1278 3634; x_wconf 85' lang='lat' dir='ltr'>recesserunt,</span> <span class='ocrx_word' id='word_1_244' title='bbox 1315 3559 1410 3637; x_wconf 74' lang='lat' dir='ltr'>signa</span> <span class='ocrx_word' id='word_1_245' title='bbox 1433 3575 1491 3620; x_wconf 85' lang='lat' dir='ltr'>sua</span> 
     </span>
     <span class='ocr_line' id='line_1_30' title="bbox 237 3670 1492 3756; baseline -0.002 -19"><span class='ocrx_word' id='word_1_246' title='bbox 237 3695 310 3738; x_wconf 93' lang='lat' dir='ltr'>cum</span> <span class='ocrx_word' id='word_1_247' title='bbox 337 3695 455 3753; x_wconf 76' lang='lat' dir='ltr'>niagno</span> <span class='ocrx_word' id='word_1_248' title='bbox 479 3679 572 3756; x_wconf 89' lang='lat' dir='ltr'>parte</span> <span class='ocrx_word' id='word_1_249' title='bbox 596 3675 700 3751; x_wconf 72' lang='lat' dir='ltr'>geritis</span> <span class='ocrx_word' id='word_1_250' title='bbox 730 3695 787 3738; x_wconf 90' lang='lat' dir='ltr'>sue</span> <span class='ocrx_word' id='word_1_251' title='bbox 823 3676 905 3738; x_wconf 90' lang='lat' dir='ltr'>intra</span> <span class='ocrx_word' id='word_1_252' title='bbox 940 3680 1059 3740; x_wconf 88' lang='lat' dir='ltr'>terram</span> <span class='ocrx_word' id='word_1_253' title='bbox 1093 3675 1179 3738; x_wconf 90' lang='lat' dir='ltr'>illam</span> <span class='ocrx_word' id='word_1_254' title='bbox 1213 3673 1365 3738; x_wconf 81' lang='lat' dir='ltr'>dolenter</span> <span class='ocrx_word' id='word_1_255' title='bbox 1396 3670 1492 3736; x_wconf 87' lang='lat' dir='ltr'>retin-</span> 
     </span>
     <span class='ocr_line' id='line_1_31' title="bbox 238 3787 1492 3871; baseline -0.002 -19"><span class='ocrx_word' id='word_1_256' title='bbox 238 3790 379 3871; x_wconf 87' lang='lat' dir='ltr'>qucndo.</span> <span class='ocrx_word' id='word_1_257' title='bbox 429 3790 501 3852; x_wconf 85' lang='lat' dir='ltr'>lllos</span> <span class='ocrx_word' id='word_1_258' title='bbox 526 3789 631 3867; x_wconf 70' lang='lat' dir='ltr'>igitur,</span> <span class='ocrx_word' id='word_1_259' title='bbox 661 3790 714 3869; x_wconf 86' lang='lat' dir='ltr'>qni</span> <span class='ocrx_word' id='word_1_260' title='bbox 740 3790 784 3851; x_wconf 80' lang='lat' dir='ltr'>sic</span> <span class='ocrx_word' id='word_1_261' title='bbox 810 3790 899 3852; x_wconf 84' lang='lat' dir='ltr'>inriti</span> <span class='ocrx_word' id='word_1_262' title='bbox 925 3790 1148 3865; x_wconf 79' lang='lat' dir='ltr'>remanebant,</span> <span class='ocrx_word' id='word_1_263' title='bbox 1173 3788 1282 3853; x_wconf 79' lang='lat' dir='ltr'>villani</span> <span class='ocrx_word' id='word_1_264' title='bbox 1306 3788 1392 3852; x_wconf 86' lang='lat' dir='ltr'>cecis</span> <span class='ocrx_word' id='word_1_265' title='bbox 1424 3787 1492 3850; x_wconf 89' lang='lat' dir='ltr'>icti·</span> 
     </span>
     <span class='ocr_line' id='line_1_32' title="bbox 239 3901 1492 3985; baseline -0.002 -17"><span class='ocrx_word' id='word_1_266' title='bbox 239 3905 298 3968; x_wconf 84' lang='lat' dir='ltr'>bus</span> <span class='ocrx_word' id='word_1_267' title='bbox 331 3906 523 3985; x_wconf 80' lang='lat' dir='ltr'>sagittarum</span> <span class='ocrx_word' id='word_1_268' title='bbox 560 3910 629 3967; x_wconf 89' lang='lat' dir='ltr'>tota</span> <span class='ocrx_word' id='word_1_269' title='bbox 662 3909 757 3967; x_wconf 84' lang='lat' dir='ltr'>nocte</span> <span class='ocrx_word' id='word_1_270' title='bbox 792 3905 927 3982; x_wconf 79' lang='lat' dir='ltr'>fatigare</span> <span class='ocrx_word' id='word_1_271' title='bbox 959 3924 1025 3968; x_wconf 90' lang='lat' dir='ltr'>non</span> <span class='ocrx_word' id='word_1_272' title='bbox 1054 3904 1239 3968; x_wconf 83' lang='lat' dir='ltr'>cessabant.</span> <span class='ocrx_word' id='word_1_273' title='bbox 1288 3901 1347 3966; x_wconf 86' lang='lat' dir='ltr'>liis</span> <span class='ocrx_word' id='word_1_274' title='bbox 1369 3901 1492 3966; x_wconf 88' lang='lat' dir='ltr'>auditis</span> 
     </span>
     <span class='ocr_line' id='line_1_33' title="bbox 236 4016 1493 4100; baseline 0.001 -21"><span class='ocrx_word' id='word_1_275' title='bbox 236 4021 388 4083; x_wconf 83' lang='lat' dir='ltr'>dominns</span> <span class='ocrx_word' id='word_1_276' title='bbox 412 4020 534 4083; x_wconf 75' lang='lat' dir='ltr'>clectus</span> <span class='ocrx_word' id='word_1_277' title='bbox 558 4039 634 4082; x_wconf 87' lang='lat' dir='ltr'>suos</span> <span class='ocrx_word' id='word_1_278' title='bbox 660 4019 769 4081; x_wconf 82' lang='lat' dir='ltr'>lidclcs</span> <span class='ocrx_word' id='word_1_279' title='bbox 793 4019 907 4082; x_wconf 82' lang='lat' dir='ltr'>euclem</span> <span class='ocrx_word' id='word_1_280' title='bbox 933 4023 1037 4089; x_wconf 86' lang='lat' dir='ltr'>noclc,</span> <span class='ocrx_word' id='word_1_281' title='bbox 1071 4022 1169 4100; x_wconf 85' lang='lat' dir='ltr'>prout</span> <span class='ocrx_word' id='word_1_282' title='bbox 1200 4016 1319 4098; x_wconf 82' lang='lat' dir='ltr'>potuit.</span> <span class='ocrx_word' id='word_1_283' title='bbox 1355 4016 1493 4081; x_wconf 83' lang='lat' dir='ltr'>circum·</span> 
     </span>
     <span class='ocr_line' id='line_1_34' title="bbox 239 4130 1491 4217; baseline -0.002 -21"><span class='ocrx_word' id='word_1_284' title='bbox 239 4155 368 4217; x_wconf 81' lang='lat' dir='ltr'>qrnupn·</span> <span class='ocrx_word' id='word_1_285' title='bbox 393 4133 573 4211; x_wconf 66' lang='lat' dir='ltr'>corticeum.</span> <span class='ocrx_word' id='word_1_286' title='bbox 600 4139 628 4195; x_wconf 92' lang='lat' dir='ltr'>et</span> <span class='ocrx_word' id='word_1_287' title='bbox 654 4156 688 4194; x_wconf 81' lang='lat' dir='ltr'>se</span> <span class='ocrx_word' id='word_1_288' title='bbox 713 4133 854 4196; x_wconf 90' lang='lat' dir='ltr'>diluculo</span> <span class='ocrx_word' id='word_1_289' title='bbox 879 4153 950 4196; x_wconf 92' lang='lat' dir='ltr'>cnm</span> <span class='ocrx_word' id='word_1_290' title='bbox 976 4133 1043 4195; x_wconf 79' lang='lat' dir='ltr'>suis</span> <span class='ocrx_word' id='word_1_291' title='bbox 1066 4133 1133 4196; x_wconf 66' lang='lat' dir='ltr'>ad⁰</span> <span class='ocrx_word' id='word_1_292' title='bbox 1156 4136 1279 4196; x_wconf 88' lang='lat' dir='ltr'>terrum</span> <span class='ocrx_word' id='word_1_293' title='bbox 1298 4130 1387 4195; x_wconf 90' lang='lat' dir='ltr'>illam</span> <span class='ocrx_word' id='word_1_294' title='bbox 1404 4130 1491 4195; x_wconf 83' lang='lat' dir='ltr'>lesti-</span> 
     </span>
     <span class='ocr_line' id='line_1_35' title="bbox 55 4244 1492 4325; baseline -0.004 -12"><span class='ocrx_word' id='word_1_295' title='bbox 55 4276 107 4313; x_wconf 87' lang='lat' dir='ltr'>nn</span> <span class='ocrx_word' id='word_1_296' title='bbox 122 4269 182 4314; x_wconf 71' lang='lat' dir='ltr'>boz.</span> <span class='ocrx_word' id='word_1_297' title='bbox 193 4270 224 4313; x_wconf 87' lang='grc'>11.</span> <span class='ocrx_word' id='word_1_298' title='bbox 240 4251 355 4312; x_wconf 86' lang='lat' dir='ltr'>nunlcr</span> <span class='ocrx_word' id='word_1_299' title='bbox 379 4247 575 4309; x_wconf 83' lang='lat' dir='ltr'>conl&#39;crclml.</span> <span class='ocrx_word' id='word_1_300' title='bbox 625 4249 777 4310; x_wconf 82' lang='lat' dir='ltr'>illucente</span> <span class='ocrx_word' id='word_1_301' title='bbox 802 4249 900 4325; x_wconf 71' lang='lat' dir='ltr'>igitur·</span> <span class='ocrx_word' id='word_1_302' title='bbox 922 4248 984 4310; x_wconf 88' lang='lat' dir='ltr'>dici</span> <span class='ocrx_word' id='word_1_303' title='bbox 1010 4248 1080 4311; x_wconf 88' lang='lat' dir='ltr'>luce</span> <span class='ocrx_word' id='word_1_304' title='bbox 1104 4246 1215 4310; x_wconf 80' lang='lat' dir='ltr'>trustes</span> <span class='ocrx_word' id='word_1_305' title='bbox 1238 4244 1313 4310; x_wconf 85' lang='lat' dir='ltr'>binc</span> <span class='ocrx_word' id='word_1_306' title='bbox 1337 4244 1414 4309; x_wconf 84' lang='lat' dir='ltr'>inde</span> <span class='ocrx_word' id='word_1_307' title='bbox 1434 4262 1492 4325; x_wconf 73' lang='lat' dir='ltr'>per</span> 
     </span>
     <span class='ocr_line' id='line_1_36' title="bbox 239 4359 1489 4445; baseline -0.003 -18"><span class='ocrx_word' id='word_1_308' title='bbox 239 4364 338 4445; x_wconf 83' lang='lat' dir='ltr'>ipsius</span> <span class='ocrx_word' id='word_1_309' title='bbox 363 4368 447 4425; x_wconf 76' lang='lat' dir='ltr'>terre</span> <span class='ocrx_word' id='word_1_310' title='bbox 471 4362 564 4424; x_wconf 76' lang='lat' dir='ltr'>(levin</span> <span class='ocrx_word' id='word_1_311' title='bbox 590 4367 795 4443; x_wconf 79' lang='lat' dir='ltr'>peretrantes</span> <span class='ocrx_word' id='word_1_312' title='bbox 831 4363 934 4424; x_wconf 68' lang='lat' dir='ltr'>exitus</span> <span class='ocrx_word' id='word_1_313' title='bbox 958 4362 1007 4424; x_wconf 85' lang='lat' dir='ltr'>sul</span> <span class='ocrx_word' id='word_1_314' title='bbox 1032 4363 1137 4425; x_wconf 82' lang='lat' dir='ltr'>locutu</span> <span class='ocrx_word' id='word_1_315' title='bbox 1163 4359 1308 4443; x_wconf 78' lang='lat' dir='ltr'>undique</span> <span class='ocrx_word' id='word_1_316' title='bbox 1329 4362 1489 4441; x_wconf 76' lang='lat' dir='ltr'>quentnl:</span> 
     </span>
    </p>
   </div>
   <div class='ocr_carea' id='block_1_3' title="bbox 239 4526 1489 4678">
    <p class='ocr_par' dir='ltr' id='par_1_3' title="bbox 239 4526 1489 4678">
     <span class='ocr_line' id='line_1_37' title="bbox 345 4526 1489 4601; baseline -0.005 -13"><span class='ocrx_word' id='word_1_317' title='bbox 345 4549 360 4575; x_wconf 72' lang='lat'>⁸²</span> <span class='ocrx_word' id='word_1_318' title='bbox 389 4535 436 4588; x_wconf 82' lang='lat' dir='ltr'>sed</span> <span class='ocrx_word' id='word_1_319' title='bbox 468 4534 494 4586; x_wconf 79' lang='lat' dir='ltr'>t.</span> <span class='ocrx_word' id='word_1_320' title='bbox 579 4532 593 4569; x_wconf 71' lang='lat' dir='ltr'>l’</span> <span class='ocrx_word' id='word_1_321' title='bbox 614 4534 717 4601; x_wconf 79' lang='lat' dir='ltr'>plostra</span> <span class='ocrx_word' id='word_1_322' title='bbox 747 4534 805 4585; x_wconf 82' lang='lat' dir='ltr'>l’ar.</span> <span class='ocrx_word' id='word_1_323' title='bbox 889 4548 901 4572; x_wconf 75' lang='lat'>¹·</span> <span class='ocrx_word' id='word_1_324' title='bbox 924 4533 1029 4586; x_wconf 74' lang='lat' dir='ltr'>eversis</span> <span class='ocrx_word' id='word_1_325' title='bbox 1057 4532 1117 4587; x_wconf 77' lang='lat' dir='ltr'>Pu.</span> <span class='ocrx_word' id='word_1_326' title='bbox 1190 4528 1208 4573; x_wconf 58' lang='grc' dir='ltr'>ἆ</span> <span class='ocrx_word' id='word_1_327' title='bbox 1234 4546 1343 4587; x_wconf 71' lang='lat' dir='ltr'>mn</span> <span class='ocrx_word' id='word_1_328' title='bbox 1366 4526 1489 4593; x_wconf 64' lang='lat' dir='ltr'>tund).</span> 
     </span>
     <span class='ocr_line' id='line_1_38' title="bbox 239 4625 424 4678; baseline -0.016 -1"><span class='ocrx_word' id='word_1_329' title='bbox 239 4641 251 4666; x_wconf 73' lang='lat'><strong>⁰</strong></span> <span class='ocrx_word' id='word_1_330' title='bbox 274 4630 344 4678; x_wconf 76' lang='lat' dir='ltr'>dcent</span> <span class='ocrx_word' id='word_1_331' title='bbox 365 4625 424 4677; x_wconf 76' lang='lat' dir='ltr'>l’ar.</span> 
     </span>
    </p>
   </div>
   <div class='ocr_carea' id='block_1_4' title="bbox 0 0 1706 5160">
    <p class='ocr_par' dir='ltr' id='par_1_4' title="bbox 0 0 1706 5160">
     <span class='ocr_line' id='line_1_39' title="bbox 0 0 1706 5160; baseline 0 0"><span class='ocrx_word' id='word_1_332' title='bbox 0 0 1706 5160; x_wconf 95' lang='lat' dir='ltr'> </span> 
     </span>
    </p>
   </div>
  </div>
 </body>
</html>
