3352 5166
742 315 932 368 -152-

209 490 267 534 seu
291 470 461 553 synodalia
485 474 715 548 statuerunt-‘¹3
750 475 782 536 et
815 471 934 549 literas,
968 491 1051 553 quas
1083 470 1181 536 iidem
1212 471 1330 553 prelati
1363 490 1463 554 super

209 584 454 665 approbacione
487 585 652 648 literarum
677 586 931 667 apostolicarum
956 586 1113 668 ipsarum,
1137 589 1170 650 et
1193 605 1277 669 quas
1298 584 1460 662 ,vidimus‘

210 699 431 781 appellabant,
451 700 685 777 concedebant,
710 720 749 763 ac
772 704 895 764 statuta
917 672 1065 782 predicta
1089 700 1271 765 annullavit
1294 704 1328 765 ct
1350 719 1496 767 cassa-⁹¹
1510 730 1522 757 a

211 814 266 879 vit.
301 814 423 890 volens,
458 814 547 895 quod
581 814 702 879 iudices
736 818 768 879 et
793 815 910 879 notarii
944 834 983 880 ac
1016 815 1069 879 alii
1103 815 1250 897 requisiti
1272 820 1411 897 possent
1433 820 1465 879 et

209 927 367 991 deberent
392 929 506 1009 exequi
530 928 640 993 literas
664 928 861 1009 apostolicas
893 930 1019 1011 absque
1056 929 1176 993 talibus
1215 928 1317 994 literis
1344 948 1465 1011 appro-

211 1042 356 1105 baciouis
371 1062 428 1105 seu
447 1042 617 1113 uidimus,
634 1045 666 1106 ct
690 1043 883 1120 sentenciae,
909 1064 991 1124 quas
1015 1044 1076 1125 ipsi
1092 1044 1209 1124 prelati
1228 1063 1288 1109 scu
1308 1043 1464 1109 officiales

211 1160 325 1220 contra
349 1160 538 1221 executores
563 1156 728 1220 literarum
754 1157 1007 1237 apostolicarum
1033 1157 1151 1222 deinde
1170 1158 1302 1235 ferrent,
1322 1158 1463 1223 decrevit

212 1270 318 1334 irritas
342 1274 374 1334 et
398 1270 521 1333 inanes.
566 1271 645 1334 ltem
671 1271 836 1335 revocavit
860 1271 970 1336 literas
994 1271 1234 1349 familiaritatis,
1251 1292 1338 1354 quas
1354 1272 1464 1337 multis

212 1385 380 1459 concessit,
406 1386 460 1466 qui
485 1385 660 1450 familiares
684 1386 753 1449 eius
778 1385 921 1449 continui
946 1406 1011 1449 non
1036 1387 1218 1451 extiterant.
1266 1386 1348 1452 ltem
1372 1406 1464 1453 revo-

212 1501 297 1564 cavit
321 1500 558 1576 coracessioues,
583 1520 664 1581 qum
690 1500 809 1565 lecerat
833 1501 1029 1581 quibusdam
1054 1501 1154 1577 laicis,
1182 1501 1272 1583 quod
1301 1502 1392 1567 bona
1414 1522 1465 1567 ec·

214 1615 396 1691 clesiamm,
421 1615 695 1679 monasteriorum
720 1619 778 1678 aut
801 1615 928 1696 piorum
954 1616 1098 1680 locorum
1132 1618 1319 1694 tenuerant,
1352 1620 1386 1682 el
1410 1637 1465 1682 ro·

213 1729 279 1799 luit.
305 1728 392 1810 quod
417 1729 504 1792 bona
530 1729 582 1793 illa
606 1733 847 1793 reverterentur
866 1729 908 1794 ad
931 1730 1093 1805 ecclesias
1115 1732 1316 1797 monasteria
1339 1735 1373 1795 el
1396 1732 1465 1796 loca

214 1844 368 1924 predicta,
395 1847 425 1907 ct
450 1844 593 1908 decrevit
616 1844 726 1908 literas
759 1843 900 1925 desuper
931 1864 1103 1909 concessas
1136 1845 1244 1909 irritas
1275 1850 1310 1910 et
1342 1846 1464 1911 inanes

215 1959 293 2022 ltcm
327 1959 491 2023 revocavit
525 1959 694 2024 facultates
731 1980 751 2022 a
790 1980 824 2022 se
866 1979 1036 2024 concessas
1078 1959 1275 2041 quibusdam
1313 1962 1467 2026 fratribus

213 2073 470 2137 Mendicantibus
512 2093 611 2153 super
655 2073 853 2154 predicando
894 2074 993 2137 verbo
1043 2073 1145 2138 crucis
1183 2076 1216 2138 et
1253 2074 1466 2155 indulgencils

212 2186 328 2249 «landis
360 2207 419 2268 per
456 2188 601 2250 casalem.
653 2186 717 2250 Sed
751 2207 816 2249 non
854 2186 1061 2249 obstantibus
1093 2187 1363 2253 revocacionibus
1394 2208 1466 2272 pre·

213 2301 306 2364 dictis
331 2301 587 2378 lllaauntinensis
620 2306 653 2364 et
676 2301 879 2365 Coloniensis
917 2301 1160 2383 archiepiscopi,
1195 2302 1345 2367 nolentes
1378 2303 1466 2368 lucro

213 2423 242 2481 et
279 2417 463 2493 commodo,
498 2438 561 2498 que
595 2417 636 2481 de
669 2417 768 2480 literis
806 2417 965 2487 ,vidimus‘
999 2416 1193 2499 supradictis
1226 2418 1350 2483 habere
1383 2418 1466 2483 soliti

214 2537 317 2608 erant,
349 2551 470 2607 carere,
507 2532 575 2595 sine
600 2532 721 2595 eisdem
747 2532 846 2594 literis
879 2531 1076 2613 apostolicas
1108 2531 1219 2596 literas
1251 2532 1369 2614 exequi
1402 2552 1466 2597 non

213 2648 374 2710 sinebant.
422 2648 600 2727 Postquam
635 2647 786 2709 dominus
819 2647 1003 2711 Bonifacius
1036 2647 1198 2729 predictas
1225 2648 1466 2720 revocaciones,

214 2762 450 2836 ordinaciones,
476 2762 720 2825 annullaciones
744 2766 775 2825 et
796 2762 999 2826 cassaclones
1021 2763 1105 2837 fecit,
1125 2782 1229 2827 novas
1244 2764 1384 2843 gracias,
1401 2784 1466 2829 non

215 2881 324 2939 tanuen
349 2877 391 2940 ab
415 2877 675 2941 antecessoribus
699 2876 830 2940 concedi
855 2877 977 2953 solitas,
1011 2878 1172 2941 concessit
1205 2881 1237 2941 et
1266 2878 1394 2957 gracias
1425 2878 1466 2943 ad

214 2990 372 3054 bertelicla
397 2990 636 3071 exspectatiras
661 2989 729 3053 adl
749 2991 1006 3071 quinquennium
1038 2990 1211 3055 restrinxit.
1268 2991 1365 3057 Unde
1396 2992 1468 3057 nul·

216 3106 280 3167 lura
306 3124 429 3175 corum,
463 3124 545 3185 quos
579 3106 845 3168 revocacionibas
877 3105 1060 3183 graciarum
1093 3105 1289 3187 supradictis
1321 3106 1467 3183 offendit,

216 3220 354 3283 reddidit
379 3220 598 3300 desperatum,
632 3219 709 3299 qum
734 3223 844 3300 posset
878 3220 993 3282 iterum
1027 3220 1262 3301 plenitudinem
1295 3222 1469 3302 potestatis

215 3337 392 3417 apostolice
416 3336 482 3398 suis
507 3336 708 3416 temporibus
737 3339 898 3416 temptare
931 3336 1143 3412 confidenter,
1176 3336 1235 3401 sed
1267 3355 1328 3419 pro
1360 3339 1470 3419 signa-

216 3456 287 3515 tura
322 3450 571 3531 supplicacionis
614 3450 784 3513 ‹ariuslibet
827 3450 982 3513 ducatum
1024 3470 1124 3514 unum
1168 3449 1248 3515 dare
1294 3452 1471 3533 oportebat

216 3567 445 3646 impetrantem
461 3565 493 3635 1’),

325 3680 457 3760 lusuper
482 3680 549 3759 ipse
574 3679 725 3740 dominus
751 3678 934 3743 ltonifacius
959 3698 1024 3741 nou
1050 3679 1154 3741 solum
1189 3682 1304 3743 corrtra
1336 3684 1472 3762 aposlo-

216 3795 293 3859 lum.
319 3794 375 3857 sed
401 3795 502 3857 eciam
528 3798 641 3857 ‹untra
666 3792 869 3871 evangelium
894 3792 1104 3873 dispensarit.

459 3915 551 3968 (Cass
564 3928 571 3977 l
1048 3913 1132 3977 (l'ad.
1153 3913 1181 3967 L.
1201 3914 1282 3981 Par.)

261 4013 344 4075 Nam
375 4012 525 4075 Ladislao
550 4014 614 4089 read
647 4014 734 4090 repul
766 4013 815 4074 si·
914 4011 997 4073 Nam
1022 4012 1173 4076 Ladlslao
1206 4012 1272 4091 regi
1305 4013 1397 4093 regni
1421 4012 1472 4077 Si·

217 4128 287 4190 cilie
343 4128 410 4189 sire
465 4126 616 4206 Neapolis
674 4127 814 4191 indulsit.
868 4126 937 4189 cille
961 4146 1019 4189 sea
1045 4125 1198 4207 Neapolis
1221 4126 1472 4209 indulsil‚quud

217 4239 523 4322 ‹qarod‘abdimtal
547 4242 815 4321 uxmestmleei-
868 4243 946 4323 ipse.
972 4241 1122 4305 alulicala
1158 4262 1178 4305 a
1211 4260 1247 4305 se
1278 4260 1382 4307 uxore
1410 4262 1471 4306 sua

307 4412 319 4436 ¹¹
342 4402 412 4448 elaea!
433 4397 497 4449 l’ad.
544 4394 559 4431 l‘
579 4416 595 4449 u
615 4402 660 4447 ruit
680 4404 771 4463 qutun·
792 4398 1077 4463 lituosque-laalelmum
1097 4395 1114 4449 (l
1134 4394 1209 4449 01188.
1252 4408 1265 4435 ‘¹
1287 4398 1398 4465 lfttmus
1413 4396 1473 4467 ipso

217 4508 259 4538 um
284 4490 376 4539 formu·
394 4493 486 4552 qnater
505 4489 664 4549 ‹napum-rte.
722 4484 736 4523 ¹¹
756 4488 862 4549 (toruus
878 4503 893 4536 u
912 4504 942 4538 su
966 4505 1008 4535 cren
1032 4487 1125 4536 flama
1143 4489 1236 4551 apellet·
1253 4486 1417 4550 ‹rupemrrlt

310 4636 327 4699 ¹)
356 4636 440 4701 l'eryf.
464 4635 582 4687 taetra-ll
600 4651 621 4687 r.
643 4634 762 4685 ⁴l'ielreim
784 4634 811 4685 S.
832 4638 891 4684 136.
