3390 5160
753 333 927 392 ..82-

214 490 255 556 de
280 491 389 556 multis
423 495 455 556 et
479 493 647 573 presertim
682 493 880 558 cardinalem
914 492 1219 576 Ambianensem¹)‚
1252 492 1309 575 qui
1333 496 1455 558 venerat

214 607 255 671 de
278 608 397 672 Tuscia
409 608 444 688 ²).
491 608 555 671 Sed
590 608 770 673 cardinales
795 610 879 674 hanc
908 610 1167 690 increpacionem
1200 627 1276 688 egre
1309 608 1455 675 ferebant.

215 721 259 784 ita
283 724 370 802 quod
404 722 547 803 quadam
572 722 816 786 vicedominus
840 724 993 788 Urbanus
1017 724 1049 787 in
1073 742 1205 788 camera
1237 741 1375 801 magnas
1406 722 1458 784 ba·

215 837 284 899 buit
308 857 380 900 cum
407 837 521 900 eodem
546 837 710 901 cardinale
735 839 990 902 contencionesc
1010 858 1121 902 coram
1145 838 1216 902 aliis
1236 837 1460 908 cardinalibus,

215 956 247 1014 et
271 956 347 1014 tunc
373 953 540 1033 respondit
573 954 601 1016 ei
626 953 799 1017 cardinalis
833 953 1055 1018 Gebbenensis
1097 955 1161 1018 sic:
1201 953 1311 1030 ‚Pater
1343 957 1474 1021 sancte.

216 1084 274 1128 vos
307 1065 411 1130 tacitis
445 1067 608 1130 modicum
644 1068 800 1132 honorem
834 1068 1054 1133 cardinalibus
1087 1068 1120 1132 in
1153 1067 1261 1131 verbis
1299 1072 1331 1131 et
1368 1068 1506 1146 gestis

215 1181 340 1256 vestris,
374 1186 406 1244 et
439 1202 503 1245 non
538 1183 684 1247 tractatis
718 1203 774 1247 eos
799 1183 974 1247 honorifice
998 1183 1081 1246 sicut
1104 1185 1329 1246 antecessores
1358 1184 1485 1247 vestri
1513 1239 1517 1251 .

215 1293 254 1357 Et
278 1294 350 1359 ideo
374 1316 433 1358 nos
458 1296 540 1360 lorte
563 1297 670 1361 taliter
694 1298 859 1374 iaciemus,
892 1298 980 1379 quod
1014 1318 1072 1361 vos
1105 1297 1268 1361 habebitis
1301 1296 1526 1368 modicum

215 1409 373 1474 honorem
398 1429 418 1473 a
442 1411 557 1475 nobis‘.
594 1412 662 1476 Hec
685 1413 820 1493 quidam
853 1413 1034 1477 cardinales
1057 1413 1242 1477 referebant
1265 1412 1379 1476 amicis
1401 1414 1533 1482 ειΓ-ἧς

215 1526 347 1588 secretis
371 1525 403 1587 in
427 1525 578 1588 domibus
602 1546 726 1603 eorum,
756 1531 932 1608 postquam
957 1526 1077 1591 reversi
1101 1527 1231 1590 fuerant
1263 1525 1305 1590 de
1328 1525 1537 1608 palad—0,

215 1636 255 1700 Et
278 1637 431 1718 deinceps
455 1639 643 1720 inceperunt
668 1645 808 1705 tractare
832 1645 956 1705 secrete
988 1641 1029 1704 de
1062 1641 1263 1706 coniectione
1295 1641 1540 1711 scismalffis.

216 1750 284 1816 Hec
307 1753 494 1834 supradicta
518 1755 558 1818 de
582 1756 739 1820 electione
763 1756 885 1820 domini
910 1756 1034 1820 Urbani
1063 1761 1095 1821 et
1127 1756 1269 1838 sequelis
1293 1757 1361 1820 eius
1392 1774 1542 1836 prr-e

216 1866 310 1931 dictis
333 1869 461 1948 scripsit
484 1870 649 1933 Allonsius
673 1872 881 1953 supradictus
904 1872 936 1935 in
961 1872 1104 1953 quodam
1129 1875 1284 1948 tractatu,
1304 1890 1399 1953 quem
1422 1892 1493 1929 ι
1513 1875 1543 1937 dc

218 1982 332 2046 eadem
358 1983 515 2048 electione
538 1986 729 2067 conscripsit
742 1985 777 2068 ³).

323 2097 393 2162 Hoc
431 2103 579 2180 tempore
611 2101 726 2164 claruit
759 2101 916 2177 Bononie‚
950 2101 1102 2165 dominus
1143 2100 1307 2167 lohannes
1342 2100 1382 2164 de
1414 2099 1545 2164 [11-

215 2209 388 2294 gnanob⁴)
413 2212 528 2277 doctor
551 2216 710 2294 egregius,
735 2217 790 2296 qui
814 2216 856 2279 de
879 2214 1012 2278 domino
1037 2215 1171 2280 Urbano
1195 2235 1283 2298 papa
1311 2214 1445 2296 predic*
1484 2220 1545 2277 -to

216 2325 407 2406 priusquam
431 2327 549 2391 scisma
574 2331 674 2405 lieret,
699 2330 904 2411 infrascripta
932 2329 1089 2410 predixit:
1123 2329 1183 2394 Hic
1215 2349 1302 2413 papa
1335 2325 1547 2392 habefebit

215 2440 336 2504 multos
359 2417 565 2507 adversarios
590 2443 780 2507 inducentes
803 2444 1049 2525 prodicioneme
1071 2445 1284 2527 principatus,
1316 2445 1415 2509 retine
1447 2438 1590 2502 eutr·

216 2558 326 2619 tamen
351 2576 425 2621 cum
451 2558 515 2634 lite,
550 2563 581 2622 et
605 2558 660 2638 qui
684 2557 841 2622 deberent
865 2578 936 2622 esse
960 2558 1130 2636 auxiliarii,
1159 2563 1256 2624 erunt
1279 2558 1422 2623 adversa·
1438 2549 1548 2619 Aui-

217 2667 256 2732 Et
280 2669 413 2751 aliquod
438 2675 548 2735 tamen
573 2692 632 2753 pro
658 2673 727 2752 ipso
752 2672 950 2736 adiutorium
976 2672 1110 2737 tandem
1134 2693 1173 2737 ex
1197 2673 1265 2738 alto
1287 2670 1468 2755 proveni
1509 2665 1550 2726 itt·

217 2782 289 2864 Ipse
322 2785 497 2850 declinabit
530 2787 722 2851 multociens
733 2784 748 2824 ‘¹
778 2787 990 2869 aproposito
1024 2807 1084 2851 suo
1107 2786 1234 2852 babens
1257 2807 1385 2870 semper
1406 2775 1552 2850 azali·

217 2917 300 2978 quos
324 2919 441 2963 exosos
460 2906 491 2965 et
516 2900 706 2966 insidiantes
730 2901 790 2964 sibi
821 2901 863 2965 ad
895 2901 1002 2964 minus
1035 2901 1172 2965 occulte.
1223 2901 1373 2982 Regnum
1396 2889 1553 2964 e⁴-.·=i²im

217 3012 455 3094 aliquantulum
480 3016 539 3079 erit
564 3016 753 3079 diuturnum
779 3021 810 3080 et
834 3035 900 3079 non
928 3015 1043 3096 perdet
1075 3015 1267 3092 dominium,
1301 3015 1357 3079 sed
1388 3033 1488 3078 cr)
1504 3020 1554 3065 0¹¹·

217 3128 306 3191 tinuc
325 3129 496 3193 habiturus
520 3136 569 3194 est
593 3131 727 3194 emulos.
774 3129 964 3195 Cavendum
998 3134 1048 3194 est
1080 3130 1140 3194 sibi
1164 3131 1197 3194 in
1227 3149 1316 3195 anno
1339 3114 1554 3195 ponsa-ni

222 3245 300 3307 1381
329 3249 361 3309 et
385 3245 417 3307 in
441 3265 529 3309 anno
554 3246 682 3308 Domini
706 3247 800 3308 1385.
847 3245 920 3326 lpse
940 3244 1116 3321 timebitur,
1140 3249 1174 3309 et
1197 3244 1433 3327 impedimeulr
1453 3238 1552 3300 jum

217 3359 249 3422 in
284 3358 375 3423 sactis
408 3360 474 3423 suis
508 3380 547 3424 ex
580 3360 674 3441 ipso⁰
706 3361 766 3423 erit
799 3360 1051 3437 nonobstante,
1085 3359 1174 3441 quod
1198 3360 1260 3425 erit
1281 3356 1366 3424 bone
1389 3344 1551 3426 lffttlis

217 3477 248 3536 et
272 3474 443 3552 religionis.
492 3474 559 3537 Erit
584 3475 679 3538 valde
703 3475 877 3553 rigorosus
909 3475 1155 3556 perseipsum
1180 3475 1285 3540 multa
1320 3460 1546 3556 expec'Jdiet

217 3591 248 3651 et
272 3587 530 3651 consiliariorum
555 3589 734 3652 ministerio
758 3609 823 3653 non
849 3594 968 3654 utetur.
1016 3589 1124 3653 Sanus
1156 3593 1257 3672 atque
1288 3589 1396 3654 salvus
1508 3574 1541 3639 ab

217 3703 459 3766 infirmitatibus
490 3704 559 3767 erit.
615 3706 697 3768 Cum
729 3724 849 3785 magna
874 3703 1096 3769 iraudulencia
1128 3703 1308 3770 adversarii
1339 3703 1536 3767 lahczm·

216 3817 298 3880 bunt
331 3822 444 3882 contra
477 3837 550 3880 eum
583 3824 614 3881 ct
648 3819 786 3882 tinaliter
818 3819 936 3883 cadent
969 3820 1000 3882 in
1033 3818 1318 3900 persecuciouibus
1344 3817 1485 3880 sui&
1502 3811 1527 3869 tt

306 4052 321 4078 ἢ
343 4041 563 4091 rcuhraehn'ntteb
591 4057 642 4090 rura
671 4038 837 4091 intencionea
857 4043 883 4090 t'n
904 4038 969 4092 Pad.
989 4039 1142 4091 rerbeoaert.
1217 4035 1370 4106 blaigmvo
1386 4026 1510 4086 (ΞΜ

217 4140 230 4166 ⁰
253 4129 428 4198 perditionem
448 4127 569 4191 (Druck).
643 4125 657 4166 <¹
679 4127 854 4180 multoeciens
874 4128 938 4181 Pad.
1013 4139 1026 4167 ⁰
1048 4127 1108 4196 ipsa
1126 4124 1192 4180 Pad.

309 4353 326 4415 ¹)
346 4354 454 4405 Jolrnnn
475 4354 507 4402 ‹lc
527 4353 553 4400 ln
576 4355 691 4417 (lrnnpe,
711 4352 810 4415 scribet·
830 4351 944 4415 Bisclros
961 4367 1007 4401 ron
1029 4351 1149 4416 Arnim,
1168 4351 1218 4403 aet't
1238 4353 1307 4402 1375
1322 4338 1483 4403 minat,

216 4451 280 4510 pest.
303 4447 378 4494 1402.
402 4472 431 4478 -
454 4440 473 4505 ²)
493 4445 520 4490 N.
541 4438 674 4506 Ruynold
695 4440 762 4491 Ann.
783 4439 847 4491 eccl.
868 4438 901 4491 ad
924 4437 991 4490 1378
1012 4440 1062 4490 Nc.
1083 4442 1125 4492 45.
1146 4466 1180 4474 -
1201 4436 1221 4502 ²)
1241 4434 1430 4505 appeared*
1445 4427 1478 4478 Η

216 4530 350 4600 Ruynald,
372 4531 489 4584 Annales
509 4528 687 4582 ecclesiastici
708 4527 741 4579 ad
764 4529 831 4581 1:379
853 4531 901 4580 λ’ν.
923 4531 988 4593 ⁸ff·
1093 4526 1114 4592 ⁴)
1140 4528 1198 4596 1'91.
1218 4527 1281 4580 uther
1298 4526 1342 4577 aa
1361 4521 1467 4577 ism,

221 4622 356 4673 Cardine!
375 4621 531 4685 Zuboreltu,
552 4619 675 4669 llnnuer
696 4622 772 4680 1⁸91,
792 4621 818 4668 S.
840 4620 904 4682 off.
