3390 5160
679 401 712 408 „
752 367 802 421 105
840 403 870 410 .-

186 447 255 503 n«.
275 448 309 503 A.

150 545 196 610 rit
217 567 238 612 a
262 545 458 623 iuramento,
486 546 573 628 quod
600 547 631 610 iu
656 546 800 611 conclavi
825 547 974 628 prestitit,
1000 552 1036 611 ut
1062 547 1240 612 dicebatur.
1276 545 1311 610 ln
1336 567 1402 628 qua

149 659 281 743 quidem
314 661 451 743 epistola
485 661 644 743 dyabolus
676 680 795 743 paparu
830 661 975 725 nominat
1010 661 1070 725 sibi
1099 661 1342 725 dilectissimum
1368 664 1401 724 ct

149 773 327 856 periurum,
361 794 425 858 que
449 775 493 840 sic
517 775 647 858 incipit:
683 775 858 853 ,Satiranas
882 795 1055 857 regnoruru
1080 775 1275 840 Acherontis
1299 775 1401 856 irnpe-

149 893 250 965 rator,
290 889 497 954 tenebrarum
538 909 603 964 rex,
642 889 893 971 profundissime
931 889 1066 953 dicionis
1077 900 1092 928 ¹⁸
1129 889 1206 965 dux,
1250 889 1401 970 superbie

148 1003 300 1086 princeps
332 1008 365 1068 et
388 1004 534 1068 omniurn
559 1003 814 1085 dampnatorum
840 1007 970 1067 eternus
1002 1003 1182 1068 trucidator
1214 1002 1402 1066 tidelissiruo

149 1115 267 1183 dilecto
301 1121 413 1182 nostro
447 1117 584 1183 iohanni
617 1118 776 1182 Dorninici
811 1118 934 1181 ordinis
971 1118 1230 1194 Predicatorurn‚
1263 1117 1401 1198 perdici·

149 1230 222 1296 onis
254 1231 331 1296 filio*
347 1230 379 1314 ¹).

257 1394 380 1460 Eodem
404 1415 491 1459 rinno
515 1395 576 1459 snb
600 1396 678 1460 (lala
707 1395 811 1476 prium
843 1396 905 1460 diei
940 1397 1059 1459 utensis
1092 1395 1160 1458 lulii
1194 1395 1326 1477 quidruu
1360 1396 1401 1459 de
1417 1416 1468 1454 reor
1482 1410 1567 1456 saur.

150 1509 346 1591 supradictis
370 1508 588 1574 cardinalibus
613 1510 810 1590 scripserunt
834 1510 1043 1591 principibus,
1077 1510 1243 1591 quonrodo
1268 1511 1326 1592 ipsi
1352 1530 1401 1573 re·

151 1622 324 1688 cessissent
358 1624 400 1688 ab
434 1623 624 1687 obediencia
649 1623 804 1705 Gregorii,
838 1643 903 1687 nou
927 1623 1131 1705 appellantes
1163 1645 1237 1688 curn
1269 1644 1402 1707 papam,

149 1740 181 1800 et
205 1742 379 1801 suaserunt
402 1738 458 1813 eis,
492 1742 528 1801 ut
552 1738 698 1801 similiter
722 1737 909 1802 recederent
933 1740 975 1802 ab
995 1739 1184 1803 obediencia
1197 1737 1211 1774 ''
1235 1740 1313 1804 eius
1362 1739 1400 1803 Et

149 1849 190 1913 lll
215 1849 327 1915 Nonas
359 1871 446 1932 papa
475 1851 589 1915 indixit
612 1852 780 1916 consiliuru
811 1853 961 1928 cerrerale
985 1853 1215 1917 celebrandurn
1251 1853 1281 1917 in
1315 1855 1502 1917 lestoruus.

150 1963 384 2029 Pentlreeostes
409 1969 484 2030 tunc
509 1967 655 2047 proxiruc
681 1967 824 2030 luiurunr
856 1968 887 2030 iu
911 1967 1076 2048 provincia
1109 1967 1318 2049 Aquilepeusi
1351 1969 1399 2034 rel

150 2079 181 2143 in
205 2079 486 2162 archiepiscopatu
511 2080 758 2146 liavenuaccusi
792 2085 825 2143 et
848 2080 957 2144 citavit
993 2081 1135 2161 prelatos
1168 2082 1401 2145 ecclesiasticos

149 2192 191 2258 ad
230 2193 291 2258 boc
325 2198 356 2258 ei
389 2195 516 2258 roravit
544 2195 710 2258 dominuru
737 2195 919 2276 liopertum
958 2215 1065 2273 regent
1104 2195 1328 2260 Borriauoruru
1368 2202 1400 2261 et

147 2308 230 2373 alios
254 2309 416 2391 principes
439 2310 601 2373 seculares
625 2310 667 2374 ad
693 2309 777 2372 ideru
802 2311 983 2385 concilium,
1010 2315 1043 2373 ui
1070 2311 1201 2375 tractari
1226 2316 1334 2392 posset
1359 2312 1400 2375 de

151 2422 272 2487 unione
295 2423 428 2489 ecclesie
452 2423 619 2488 canonica.

254 2577 456 2659 supradictis
480 2578 736 2642 dissensionibus
770 2579 996 2660 incipientibus
1030 2579 1221 2643 laodisluus
1256 2601 1310 2643 rex
1348 2582 1398 2643 Si·

146 2690 228 2765 cilie,
253 2691 399 2755 videlicet
423 2712 477 2756 rex
503 2692 738 2774 Neapolitanus
763 2693 846 2755 lilius
880 2693 999 2768 karoli,
1041 2695 1209 2775 usurparit
1244 2695 1304 2758 sibi
1339 2694 1397 2757 do·

148 2804 284 2868 ruiuiruu
318 2806 406 2869 urbis
445 2805 549 2869 Iloure
583 2811 615 2869 et
653 2807 828 2870 ruuliaruui
863 2807 1029 2870 ciritalruu
1075 2809 1260 2888 putriruonii
1294 2811 1396 2873 saucii

147 2917 234 2983 Petri
258 2924 289 2984 ei
314 2920 480 2984 arrlrelarit
503 2922 545 2985 ad
571 2921 699 2984 tiluluru
725 2921 848 3002 irnperii
876 2921 1027 2998 llornani,
1059 2927 1092 2985 ul
1116 2923 1297 2987 ‹lice-batur.

256 3084 334 3147 lieru
362 3083 476 3149 l’etrus
502 3085 543 3149 de.
568 3085 658 3149 Luna
681 3106 797 3162 gerens
821 3108 855 3148 se
880 3105 938 3167 pro
963 3105 1049 3168 prrpa
1074 3087 1249 3150 lleuedieto
1284 3087 1394 3151 indixit

147 3198 317 3263 couciliunr
353 3199 504 3277 gencrale
536 3200 622 3280 aprul
650 3200 936 3281 l'arpuigruuurur'
960 3201 1124 3265 ciritaleru
1151 3202 1330 3280 Arragouie
1354 3203 1396 3265 ad

146 3312 263 3375 lesturu
303 3313 448 3375 oruuiuur
487 3316 692 3377 Sarutoruru.
753 3315 817 3377 Sed
857 3315 1038 3379 cardinales
1078 3316 1145 3378 eius
1180 3317 1397 3397 relinquentes

146 3445 221 3489 euur
246 3427 432 3506 congregati
457 3431 531 3490 suni
556 3447 628 3490 ‹euur
654 3427 874 3491 cardinalibus
898 3429 1020 3491 doruiui
1055 3430 1198 3505 (ternarii
1233 3430 1320 3511 apud
1347 3431 1397 3493 li·

146 3539 310 3615 burniurn,
337 3540 483 3604 videlicet
508 3546 637 3622 porturu
664 3541 829 3611 l'isaruuu.
860 3546 891 3605 et
916 3543 1011 3606 ¹siruul
1035 3544 1315 3607 eoruurdareruut
1350 3545 1397 3607 in·

144 3653 254 3718 dicere
276 3654 446 3718 corniliuru
472 3656 621 3730 ueuerule
645 3655 876 3719 celebrandurn
903 3658 932 3719 iu
958 3657 1089 3721 eirilaie
1114 3657 1232 3722 l‘isarur
1259 3659 1288 3721 iu
1314 3660 1396 3721 ieslo

145 3769 412 3833 anuunciaciouis
436 3770 530 3833 beate
554 3769 654 3834 llarie
678 3771 809 3849 virginis
833 3771 979 3851 proxiure
1004 3776 1151 3843 reuluro,
1184 3776 1214 3835 el
1249 3773 1308 3837 bec
1339 3771 1395 3837 de·

235 4016 250 4043 ¹⁸
271 4003 432 4073 perditionis
451 4003 541 4069 Magn.
558 4004 648 4058 cirron.
671 4004 745 4072 ltelg.
821 4003 835 4041 l*
858 4007 912 4057 Iler·
935 4005 1019 4057 codex
1040 4007 1085 4056 lou
1105 4016 1168 4056 atriti
1188 4006 1222 4059 ali
1241 4006 1396 4060 obediencia

144 4110 200 4143 nur
218 4090 374 4144 obediencia
451 4106 463 4129 ⁴·
489 4095 545 4145 lter
563 4092 648 4145 codex
668 4094 713 4143 lud
734 4092 961 4161 l'nrpuiguununr.

255 4304 272 4368 ¹)
298 4305 384 4369 l'cryl.
401 4304 464 4354 siber
491 4307 581 4356 diesen
610 4307 692 4368 ilrief
711 4311 742 4355 (ι’.
762 4306 850 4365 driu,
883 4307 1003 4356 lu'uricu
1034 4324 1080 4356 run
1103 4307 1223 4358 Nielreim
1245 4312 1272 4357 N.
1293 4309 1344 4357 iro
1362 4307 1392 4369 ΙῙ.

145 4392 313 4457 „riquino-li
335 4394 367 4441 int
387 4393 436 4442 der
456 4393 538 4456 Bries
556 4396 589 4442 im
611 4391 711 4443 Nemus
733 4390 844 4443 t'nionis
866 4391 910 4449 l'l.
930 4394 973 4444 29.
