3352 5166
744 293 918 349 ..78-

208 448 277 530 ipse
315 453 399 514 esset
441 449 489 513 vir
520 449 679 528 literatus
713 449 870 515 honestus
907 455 938 515 et
962 451 1113 528 devotus,
1147 450 1252 515 sciens
1284 448 1464 531 practicam

208 563 400 628 cancellarie
431 564 620 645 apostolice,
653 564 730 646 quia
760 565 829 647 ipse
866 568 943 629 tunc
976 570 1048 630 erat
1079 562 1362 630 vicecancellarius
1375 560 1400 645 ¹)
1433 567 1466 628 et

207 681 344 742 noverat
376 677 536 742 moduma
567 678 785 759 expedicionis
816 678 1026 758 negociorum
1061 682 1092 744 et
1131 678 1242 743 stilum
1274 677 1364 743 curie
1396 675 1465 741 Ro·

208 812 315 858 mane.
363 793 402 856 Et
424 793 512 874 quod
537 797 676 874 utraque
708 813 786 874 pars
819 793 1033 859 cardinalium
1066 795 1128 858 ista
1162 793 1328 858 tractabat
1360 792 1465 856 altera

208 907 382 983 nesciente,
407 911 585 990 antequam
610 908 712 973 eciam
738 908 893 973 conclave
925 908 1182 990 ingrederentur,
1214 908 1326 991 plures
1357 907 1465 973 cardi·

206 1023 297 1088 nales
331 993 500 1105 utriusque
538 1023 639 1104 partis
677 1023 870 1100 referebant,
909 1028 1084 1106 postquam
1123 1023 1237 1111 electio
1273 1023 1361 1089 facta
1393 1022 1464 1087 luit.
1484 1036 1508 1075 τ·

207 1137 356 1219 Cumque
379 1137 433 1202 die
464 1135 612 1201 Mercurii
645 1138 785 1219 septima
822 1139 943 1203 mensis
975 1137 1095 1221 Aprilis
1123 1139 1189 1204 iam
1226 1136 1384 1203 conclave
1416 1136 1466 1201 in·

206 1257 307 1316 trare·
325 1252 535 1334 disponerent
567 1256 601 1317 et
623 1271 744 1332 magna
767 1253 926 1317 serenitas
950 1253 1034 1317 aeris
1057 1252 1220 1330 existeret,
1251 1271 1326 1317 ecce
1354 1251 1465 1316 subito

205 1371 384 1449 tempestas
426 1367 538 1443 oritur,
589 1371 622 1431 et
664 1368 746 1431 ictus
788 1368 923 1432 tonitrui
974 1368 1138 1432 tortissimi
1180 1371 1303 1433 tectum
1346 1367 1467 1449 palacii

206 1481 375 1564 apostolici
399 1481 558 1563 percuss1t
582 1485 614 1546 et
637 1501 741 1564 usque
766 1482 798 1545 in
822 1482 1048 1564 pavimentum
1081 1483 1211 1564 siguum
1242 1481 1466 1565 percussionis

205 1597 364 1675 deterens,
397 1598 490 1679 qnasi
524 1600 649 1663 certum
688 1597 795 1662 future
826 1597 1086 1679 perturbacionis
1128 1597 1262 1663 ecclesie
1303 1597 1466 1679 prebebat

206 1711 359 1776 indicium
374 1709 388 1748 Ι)
401 1710 437 1795 ²).
501 1712 650 1793 Cumque
690 1711 872 1776 cardinales
904 1715 979 1793 post
1012 1711 1186 1793 prandium
1229 1711 1283 1776 die
1315 1711 1467 1794 predicto

204 1846 278 1891 cum
302 1826 412 1890 sonitu
436 1827 729 1890 instrumentomm
758 1825 962 1890 musicalium
996 1825 1151 1890 conclave
1182 1825 1363 1904 intrabant,
1397 1825 1466 1892 Ro·

204 1941 294 2006 mani
331 1941 574 2006 clamaverunt:
615 1939 752 2022 ,Papam
792 1939 981 2005 Romanum
1020 1940 1172 2005 volumus
1207 1940 1259 2005 vel
1291 1941 1465 2007 Italicum‘.

204 2054 278 2118 Non
302 2059 414 2121 tamen
438 2055 625 2120 clamabant
649 2054 708 2120 hec
742 2054 849 2119 verbis
880 2055 1139 2120 comminatoriis
1170 2055 1229 2120 sed
1263 2056 1464 2136 rogatoriis⁰

83 2189 157 2242 epra
173 2194 192 2233 a.
206 2170 351 2250 gestibus
363 2170 399 2255 ³).
448 2171 504 2235 Die
528 2169 678 2252 sequenti
702 2168 784 2235 hora
817 2169 918 2233 tercia
948 2169 1000 2233 vel
1033 2170 1118 2235 circa
1152 2170 1374 2237 cardinalibus
1406 2191 1466 2254 per

205 2284 361 2350 conclave
384 2284 640 2360 ambulantibus,
669 2284 803 2365 quidam
830 2303 943 2348 eorum
968 2283 1131 2366 colloquia
1155 2284 1197 2350 ad
1230 2284 1370 2350 invicem
1404 2285 1466 2351 ba·

206 2401 330 2476 beritos,
355 2400 409 2481 qui
434 2402 545 2462 tamen
579 2402 672 2463 erant
704 2398 745 2462 de
778 2399 925 2479 partibus
957 2397 1140 2475 contrariis
1173 2402 1254 2481 puta
1286 2398 1465 2466 cardinalis

206 2511 488 2589 Lemovicensisd,
523 2513 578 2595 qui
603 2517 680 2578 tunc
703 2516 774 2577 erat
797 2512 1018 2590 Penestrinus,
1042 2517 1075 2578 et
1098 2512 1272 2578 cardinalis
1304 2513 1347 2579 de
1370 2514 1464 2579 Luna

205 2633 428 2694 tractaverunt
451 2628 492 2693 de
515 2647 655 2710 persona
679 2627 827 2708 eligendi,
857 2630 889 2694 et
913 2631 1050 2710 uterque
1073 2647 1186 2692 eorum
1212 2628 1305 2694 alteri
1339 2629 1465 2695 indica·

205 2745 260 2818 vil,
285 2743 373 2825 quod
399 2743 467 2824 ipse
491 2747 577 2807 esset
601 2741 775 2806 inclinatus
798 2741 841 2805 ad
865 2741 1050 2820 eligendum
1075 2742 1256 2823 predictum
1291 2742 1462 2809 dominum

204 2858 483 2923 Bartholomeum.
532 2856 570 2920 Et
596 2856 637 2919 illi
662 2856 826 2921 vocabant
850 2854 892 2920 ad
917 2875 952 2920 se
975 2856 1136 2936 quosdam
1171 2856 1212 2921 de
1244 2856 1328 2934 aliis,
1360 2862 1395 2923 et
1417 2857 1462 2923 illi

204 2973 453 3038 consenciebant
488 2970 637 3043 invicem,
675 2970 750 3034 licet
788 2973 882 3034 erant
919 2970 960 3034 de
997 2971 1146 3052 partibus
1183 2971 1365 3037 contrariis.
1421 2971 1466 3038 nt

204 3087 372 3151 dixerunt:
412 3085 603 3170 ,Sedeamus
640 3103 716 3162 ergo
755 3083 800 3148 ad
837 3083 1044 3165 eligendum&
1106 3084 1145 3149 nt
1181 3085 1292 3149 statim
1326 3086 1463 3168 quando

204 3209 342 3265 omnes⁶
363 3201 590 3276 consederunt,
619 3197 865 3263 concordabant
878 3197 902 3279 ⁴)
937 3198 968 3260 in
994 3198 1101 3279 ipsum
1125 3197 1294 3263 dominum
1319 3199 1461 3265 Bartho-

204 3312 370 3379 lomeum¹'
393 3315 674 3398 archiepiscopum
699 3313 877 3378 Barcnsem
902 3313 971 3376 sine
995 3312 1104 3394 aliqua
1130 3312 1380 3395 impressione&
1422 3314 1461 3379 lit

204 3430 265 3496 boc
298 3429 431 3512 quidam
465 3429 647 3493 cardinales
680 3429 870 3493 revelabant
903 3431 1026 3492 secrete
1058 3427 1172 3492 amicis
1203 3429 1271 3492 suis
1298 3425 1459 3494 secretis¹¹

207 3581 220 3588 -
240 3583 259 3588 ...
266 3580 354 3588 ,...-.-
359 3579 494 3587 .—---·-·

292 3665 308 3695 ⁸
328 3655 444 3722 doppelt,
472 3656 524 3705 dos
551 3657 642 3705 riccila
669 3659 762 3720 agiliter
789 3652 996 3704 ‹Iurrlmlrirbcn
1026 3649 1104 3705 Casa.
1197 3648 1360 3706 biudicium
1391 3651 1460 3709 Ptd.

204 3741 410 3811 erogatoribue
428 3740 494 3795 Pad.
522 3741 657 3808 rogatoris
675 3758 717 3808 sq.
737 3739 767 3795 L.
849 3738 865 3779 d
886 3739 1085 3793 Lemonioensis
1118 3739 1194 3794 Cass.
1276 3751 1290 3781 θ
1314 3733 1374 3795 <iffi
1391 3735 1460 3798 Pul.

204 3830 216 3872 f
243 3829 442 3886 Bartolomeum
461 3829 526 3883 Pad.
614 3829 723 3882 nmina
741 3831 802 3896 sript
820 3826 886 3882 Pad.
906 3848 949 3882 err.
1032 3826 1049 3868 ¹¹
1069 3831 1141 3883 decet
1160 3828 1190 3884 L.
1209 3828 1274 3887 Pau.

295 4027 313 4094 ¹)
333 4029 373 4080 Er
401 4035 502 4079 certrot
522 4023 581 4093 Jden
612 4030 639 4078 in
669 4029 790 4093 Aciqnon
820 4026 963 4078 roeilcnden
999 4025 1175 4077 l'icelmnzler·
1205 4024 1342 4078 Gordiani
1365 4024 1462 4078 Rem

202 4118 234 4167 de
261 4118 408 4170 Montana
450 4146 479 4152 -
519 4114 538 4178 2')
570 4117 627 4167 Ilua
657 4118 783 4167 (irretitor
810 4115 892 4166 brach
916 4115 997 4166 achon
1016 4132 1059 4166 om
1077 4121 1099 4165 b'.
1120 4114 1205 4181 April
1222 4114 1324 4166 bareio.
1368 4113 1459 4180 Veryl.

204 4201 305 4268 Valois,
320 4201 455 4258 l’tlection
475 4202 604 4258 d'Urbain
624 4203 661 4256 Vl
684 4207 710 4255 in
726 4202 820 4256 Revuo
839 4201 887 4256 des
906 4202 1046 4271 questions
1065 4201 1230 4271 historiques
1248 4200 1284 4255 48
1303 4199 1332 4255 S.
1352 4205 1413 4254 368.
1425 4230 1457 4239 ·-·

204 4290 224 4358 ³¹)
244 4283 361 4344 inaltet
383 4293 505 4346 Dietricb
525 4310 573 4344 ron
594 4293 714 4344 b'ieheim
736 4296 763 4343 S.
785 4297 835 4344 12:
856 4290 1037 4345 sollicitarunt
1056 4289 1184 4359 rogando.
1206 4318 1236 4327 ·-·
1263 4290 1284 4357 ⁴}
1312 4292 1366 4344 Hit
1384 4294 1461 4345 Atte-

204 4382 298 4433 mrlrme
325 4383 372 4433 circ
400 4383 496 4434 Petrus
524 4383 557 4433 de
584 4384 708 4434 Cominio
736 4383 793 4433 und
821 4383 866 4434 dec
884 4383 968 4435 Jacob
987 4383 1020 4434 de
1043 4383 1152 4435 Ursinis
1158 4399 1170 4447 ,·
1207 4397 1254 4432 ron
1282 4380 1373 4433 diesen
1400 4386 1460 4433 int

204 4471 362 4523 schlieb'licb
391 4470 440 4520 der
468 4478 567 4522 creare
597 4471 661 4522 noch
690 4471 740 4521 der
765 4470 843 4521 ll'ctl
861 4472 907 4522 des
927 4470 1101 4535 Erebiachosa
1120 4485 1168 4521 con
1189 4469 1262 4522 Bari
1279 4468 1327 4521 tet.
1363 4464 1462 4523 Valet·

206 4578 230 4611 u.
252 4579 276 4610 u.
299 4562 327 4610 0.
349 4565 376 4610 S.
397 4564 456 4611 392.
