3352 5166
774 319 965 374 ,ιω-

245 475 307 539 hoc
331 474 526 539 disturbium
550 474 663 540 rolens
685 477 866 558 prevenire.
888 475 1060 539 dominum
1084 474 1295 540 franciscum
1317 476 1506 559 principem

244 590 357 672 Capue
390 595 543 673 nepotem
577 610 673 655 suum
711 592 752 653 ad
787 612 824 655 se
855 591 985 656 vocarit
1015 596 1048 654 et
1080 611 1131 667 ea,
1162 610 1228 672 que
1259 590 1322 655 sibi
1353 592 1506 658 revelata

245 710 349 779 erant,
373 707 402 769 ei
426 706 585 771 secrecius
609 707 782 781 intimarit,
816 712 851 769 ut
875 707 936 769 sibi
960 706 1002 769 de
1024 705 1175 769 fidelibus
1198 706 1266 770 suis
1295 707 1437 771 armatis
1460 706 1504 771 ad

246 820 331 883 hunc
369 820 456 884 diem
489 821 620 884 caucius
656 820 852 901 provideret.
912 819 1122 884 Venientibus
1154 821 1252 899 igitur
1278 821 1504 885 cardinalibus

245 934 362 998 eodem
385 934 439 998 dic
461 934 503 998 ad
533 935 736 1015 presenciam
769 955 855 1016 pape
890 944 1007 998 morea
1036 938 1205 1009 consueto,
1237 934 1424 999 cardinales
1460 936 1503 1000 de

246 1049 492 1131 conspiracione
515 1048 661 1130 predicta
685 1054 857 1113 accusatos
880 1050 995 1113 ceteris
1004 1045 1019 1085 ¹'
1043 1049 1220 1113 licenciatis
1256 1048 1301 1113 ad
1332 1070 1500 1117 cameram

246 1185 340 1229 suam
364 1184 451 1246 papa
475 1165 668 1228 convocavit
682 1163 716 1246 ¹).
763 1166 913 1246 Cumque
936 1184 1023 1245 papa
1053 1164 1103 1274 dc⁴
1135 1164 1406 1245 conspiracionee
1439 1165 1502 1230 hac

247 1300 303 1345 eos
327 1280 498 1360 impeteret
521 1284 554 1343 et
576 1280 705 1360 penitus
734 1299 806 1343 eam
841 1283 1009 1358 negarent,
1042 1299 1129 1362 papa
1162 1279 1326 1343 commisit
1353 1300 1413 1344 eos
1445 1300 1502 1345 ne-
1518 1304 1568 1343 a·

247 1395 315 1477 poti
348 1414 408 1457 suo
440 1394 587 1475 predicto
611 1393 859 1457 examinandos.
905 1394 969 1474 lpsi
1002 1413 1079 1458 reio
1111 1394 1189 1458 dum
1226 1395 1401 1459 cordarum
1435 1400 1504 1459 tor·

247 1509 365 1573 inentis
389 1509 606 1583 edicerentur,
644 1509 766 1572 crimen
800 1509 906 1589 ipsum
939 1509 1076 1572 confessi
1099 1513 1177 1572 sunt
1189 1508 1225 1591 ²),
1257 1508 1316 1574 sed
1347 1510 1505 1575 dominus

249 1624 356 1686 Adam
381 1622 554 1687 cardinalis
579 1623 619 1685 de
638 1622 766 1699 Anglia.
791 1624 931 1686 cumeis
951 1622 1216 1702 comprehensus
1231 1622 1312 1687 dum
1331 1626 1508 1689 tormentis

247 1737 459 1812 subdebatur,
484 1737 652 1800 consilium
679 1736 876 1817 reliquorum
901 1758 936 1801 se
959 1737 1101 1805 scivisse.
1125 1756 1191 1801 non
1216 1744 1328 1802 tamen
1356 1740 1404 1803 eis
1422 1758 1504 1803 con·

248 1872 380 1916 sensum
405 1852 572 1932 prebuisse
595 1851 735 1915 dicebat.
782 1852 847 1916 Sed
872 1853 950 1932 quia
973 1852 1090 1914 scitum
1114 1871 1181 1915 non
1208 1850 1378 1929 revelavit,
1406 1853 1505 1936 quasi

249 1968 361 2031 favens
385 1967 641 2047 conspiraciunis
664 1967 776 2030 sceleri
801 1986 866 2029 una
890 1987 965 2030 cum
989 1967 1062 2030 aliis
1080 1967 1265 2031 carceribus
1284 1969 1506 2050 mancipatur.

249 2083 332 2146 Cum
367 2081 463 2159 igitur
496 2082 573 2145 illud
603 2082 755 2144 leremie:
799 2081 892 2159 ,l'ere
924 2081 1118 2143 siniriacum
1156 2088 1303 2164 operatua
1335 2089 1380 2144 eat
1412 2083 1508 2145 stilos

250 2196 384 2258 inendur„
419 2195 615 2257 acribarum:
651 2198 776 2277 corrfuxi
816 2204 889 2258 saort
929 2199 1092 2279 sapientes,
1127 2198 1291 2279 perterriti
1326 2194 1381 2259 etd
1419 2200 1509 2281 capati

251 2310 384 2392 suiit‘,³)
418 2310 451 2373 in
487 2311 534 2374 cis
556 2330 644 2392 papa
668 2312 898 2376 considerabat
932 2313 1112 2393 impletum,
1145 2311 1225 2392 ipse,
1257 2310 1348 2391 quod
1383 2312 1510 2377 talibus

249 2429 346 2506 prout
371 2427 517 2507 sequitur
543 2426 701 2489 Dominus
726 2429 892 2508 promisit:
924 2427 1103 2509 ,l'roptereu
1126 2424 1206 2488 dubo
1230 2425 1373 2489 arctiores
1395 2448 1507 2491 eoram

249 2542 372 2616 exteris,
405 2562 497 2623 capros
529 2562 633 2602 corrant
667 2541 840 2603 liei-alitus
853 2542 888 2623 ⁴),
922 2541 1101 2622 adimplere
1132 2560 1199 2604 non
1232 2540 1380 2617 lardanS,
1414 2541 1509 2623 ipsos

249 2655 472 2735 dignitatibus
506 2655 684 2718 bonoribus
716 2659 748 2719 et
781 2656 945 2720 beneficiis
977 2656 1130 2719 omnibus
1153 2654 1302 2737 privavit.
1350 2655 1510 2722 Familia·

250 2769 339 2833 ribus
364 2788 441 2833 vero
465 2788 578 2833 eorum
604 2770 677 2833 hinc
707 2770 780 2832 inde
813 2771 968 2851 dispersis
1000 2771 1217 2852 domibusque
1248 2791 1364 2835 eorum
1396 2772 1511 2854 publi·

250 2885 343 2959 catis
375 2889 489 2948 contra
514 2904 645 2965 papam,
679 2888 775 2965 prout
805 2885 1007 2966 temporibus
1039 2886 1104 2949 Ciri
1128 2891 1243 2950 contra
1265 2886 1437 2951 Danielem
1460 2888 1509 2952 ob

250 2998 455 3061 sacerdotum
496 2999 653 3080 populum
691 3000 918 3064 seducencium
952 3001 1140 3081 capciouem
1175 3002 1303 3066 lactus⁰
1333 3006 1395 3078 est,
1435 3021 1508 3067 non

250 3113 398 3177 modicus
423 3114 582 3177 tumultus
605 3119 654 3178 est
678 3119 779 3178 ortus

357 3228 440 3292 Nam
466 3229 561 3292 amici
585 3229 798 3293 cardinalium
823 3229 1028 3294 detentorum
1054 3249 1119 3294 una
1150 3250 1223 3294 cum
1258 3230 1374 3295 emulis
1405 3250 1508 3314 pepe,

251 3344 293 3409 ad
328 3343 389 3407 hoc
422 3345 534 3422 regina
566 3343 748 3422 Margareta
782 3345 986 3411 connivente.
1026 3364 1147 3427 papam
1189 3344 1360 3410 obsidione
1401 3346 1510 3410 ralla·

251 3459 378 3540 bant-¹¹).
426 3458 490 3521 Sed
529 3458 605 3539 quia
646 3459 835 3539 priusquam
874 3459 1055 3523 cardinales
1086 3460 1326 3533 detinebantur,
1354 3460 1510 3527 videlicet

81 3602 133 3641 nm
147 3596 207 3641 ren.
222 3606 241 3641 ιι,
259 3572 311 3636 dic
335 3573 423 3635 Lune
448 3572 652 3652 precedente,
686 3573 838 3636 dominus
862 3574 978 3638 Petrus
1001 3574 1042 3639 de
1066 3575 1165 3656 Lupis
1188 3575 1374 3656 prepositus
1401 3576 1510 3641 eccle·

251 3686 298 3749 sie
334 3686 500 3750 lanuensis
543 3687 661 3750 missus
693 3707 751 3768 per
791 3709 911 3770 papam
945 3689 985 3752 de
1024 3689 1159 3753 Luceria
1191 3709 1266 3754 curn
1305 3689 1508 3771 quibusdam

251 3800 403 3879 gentibus
435 3820 602 3865 armorum
627 3803 850 3866 Beneventum
879 3804 921 3868 ad
954 3805 1192 3869 monasterium
1225 3809 1338 3868 sancte
1369 3804 1509 3887 Sophia,

336 4022 352 4052 ἢ
371 4028 445 4063 rnare
465 4009 529 4064 l'ad.
603 4009 618 4047 l’
638 4013 789 4081 ceterisque
817 4031 880 4081 Ique
908 4016 1009 4066 aeliano
1029 4017 1249 4077 ‹iurelure-ichen)
1277 4013 1343 4069 Pad.
1416 4025 1431 4055 ⁰
1452 4016 1510 4087 spi·

252 4098 359 4153 racione
380 4098 444 4152 l'ad.
517 4098 531 4138 ‘¹
553 4104 580 4152 et
600 4101 829 4167 abriperetur-fetico
850 4101 914 4156 l'ad.
997 4114 1010 4143 θ
1032 4103 1136 4157 saelum
1154 4102 1276 4169 (Druck).

343 4270 361 4333 ¹)
387 4272 474 4336 t'erpt.
496 4270 616 4322 Itietrr'eh
637 4288 657 4321 c.
680 4271 712 4321 N.
733 4271 761 4322 δ’.
778 4276 818 4323 79.
833 4303 866 4310 -
887 4271 907 4339 ’·’)
931 4275 1019 4341 t'opl.
1039 4276 1083 4325 die
1100 4275 1276 4339 Duratcllunp
1286 4272 1424 4326 Dictrirlta
1436 4290 1459 4325 r.
1471 4274 1510 4328 N.

254 4364 280 4413 δ’.
302 4366 336 4411 ⁸2
354 4361 384 4424 ff.
406 4360 462 4410 iiiii!
482 4362 508 4410 Ν.
530 4365 564 4409 tt?
588 4361 643 4408 und
662 4360 705 4408 die
724 4377 770 4410 ron
793 4362 957 4426 stiiionssdd
984 4382 1009 4416 u.
1029 4382 1054 4416 n.
1076 4367 1105 4417 0.
1127 4374 1155 4415 a.
1176 4366 1207 4415 ll
1237 4362 1413 4429 alpedruclrte
1439 4359 1509 4417 Con·

252 4447 335 4501 lamio
362 4445 538 4500 cardinalium
562 4448 656 4497 contra
679 4446 834 4515 antipapam
859 4451 931 4501 aiebat
951 4452 1131 4516 b'iiiroiisselda
1150 4451 1351 4516 Boiocalunpen
1372 4448 1400 4501 S.
1417 4452 1459 4502 13.
1471 4481 1506 4491 -

253 4536 273 4601 ³)
292 4537 391 4591 Jerern.
416 4535 441 4595 8,
461 4536 477 4585 tl
496 4535 539 4589 -9.
628 4534 646 4594 ⁸)
665 4533 765 4588 Jerem.
784 4535 809 4599 8,
831 4538 872 4591 10.
902 4569 935 4577 -
964 4536 984 4597 ¹³)
1004 4544 1054 4592 Aur
1075 4546 1116 4591 ar.
1136 4542 1248 4592 Jouaur
1265 4541 1365 4606 τρίψει
1384 4538 1442 4591 siclt
1462 4540 1510 4593 die

253 4635 338 4678 ersten
362 4627 462 4678 l'eimle
482 4642 528 4675 ror
548 4624 672 4676 Luceria.
711 4623 807 4677 Chron.
827 4624 909 4679 Sicut.
929 4626 957 4681 S.
977 4632 1018 4678 56.
