3390 5160
784 312 978 368 -114-

257 466 466 533 ordinacione
498 469 579 534 alias
612 472 724 535 civitas
758 473 853 553 ipsa³
883 471 956 535 duci
990 471 1135 552 predicto
1168 470 1309 546 adhesit,
1342 490 1384 533 <ex
1420 475 1517 551 parte

257 575 347 638 ducis
381 576 536 653 eiusdem,
571 578 720 658 quamvis
752 582 829 641 tunc
853 577 1006 652 defuncti,
1044 581 1187 640 castrum
1220 576 1364 640 civitatis
1400 577 1518 647 tenuit,

258 699 325 761 eius
349 699 439 763 salvo
464 699 626 763 conductu
651 700 693 763 ad
724 699 888 763 civitatem
922 699 1017 762 nobis
1050 698 1302 780 permittebatur
1334 700 1517 778 ingressus.

257 811 365 877 Cumb
386 834 462 876 vero
487 814 619 895 quidam
645 814 685 878 de
709 815 828 878 nostris
853 815 1016 879 civitatem
1046 814 1181 893 ingressi
1204 818 1291 890 sunt,
1325 814 1409 877 aliic
1441 814 1518 877 reli·

256 928 350 1009 quias
374 928 462 992 beati
487 927 611 990 Nicolai
636 928 798 991 visitando
822 928 876 993 alii
901 928 1053 992 victualia
1077 927 1312 1009 comparando.
1337 928 1427 991 inter
1451 928 1517 990 Ba·

256 1062 367 1105 censes
391 1047 423 1106 et
448 1040 649 1105 lerinenses*¹
671 1063 809 1123 nragnus
833 1043 992 1106 tumultus
1016 1047 1064 1106 est
1092 1046 1195 1119 ortus,
1228 1042 1274 1107 ita
1298 1042 1391 1124 quod
1417 1042 1518 1107 lanu·

257 1175 350 1219 enses
374 1155 427 1220 alii
451 1175 523 1219 eum
549 1156 673 1220 balistis
697 1157 836 1220 turrim⁰
858 1157 998 1221 civitatis
1031 1175 1121 1219 mare
1145 1156 1391 1235 contingentem
1417 1176 1517 1220 oceu-

255 1274 371 1350 panles
395 1270 449 1332 alii
473 1289 603 1333 murum
627 1270 738 1334 terreis
762 1271 985 1334 instrumentis
1008 1271 1211 1351 perforantes
1233 1270 1287 1335 alii
1302 1289 1363 1352 per
1378 1276 1514 1353 portam

255 1384 393 1446 civitatis
426 1385 643 1465 irrumpentes
680 1385 843 1449 civitatem
888 1385 990 1466 ipsam
1034 1383 1231 1465 depredarif
1261 1386 1513 1466 presumebant.

254 1496 319 1560 Sed
342 1497 452 1562 statim
477 1517 535 1579 per
558 1502 715 1579 patronos
738 1499 905 1578 galearum
940 1502 972 1562 et
996 1518 1054 1580 per
1077 1496 1248 1562 domiuum
1272 1498 1515 1581 llaymundurn

256 1631 322 1674 nou
347 1615 457 1676 tamen
482 1613 552 1677 sine
576 1613 766 1677 Bareusium
791 1613 935 1694 dampno
950 1613 973 1694 ¹)
999 1612 1156 1676 tumultus
1189 1611 1242 1676 ille
1278 1612 1417 1679 sedatus
1456 1618 1518 1677 est.

69 1742 121 1780 ¹³³⁵
132 1739 239 1791 Anau-
255 1725 377 1790 Deinde
401 1727 453 1790 die
476 1727 566 1789 Luue
596 1728 633 1790 01
663 1727 784 1790 mensis
807 1727 946 1807 Augusti
981 1727 1056 1791 inde
1088 1725 1277 1792 recedentes
1309 1726 1407 1806 galee
1440 1747 1520 1809 por-

254 1843 325 1903 tum
349 1840 473 1904 nullum
497 1846 607 1922 preter
630 1841 961 1924 lllonopolitanum2)‚
997 1841 1028 1904 in
1062 1861 1128 1922 quo
1161 1860 1227 1905 nou
1262 1840 1360 1921 plene
1385 1841 1520 1906 duabus

255 1953 343 2017 lroris
367 1955 510 2031 stabant,
537 1956 678 2035 ingresse
703 1961 789 2032 sunt,
813 1956 917 2019 donec
940 1955 1167 2034 circumgirata
1191 1954 1311 2036 Apulia
1345 1955 1391 2019 ad
1417 1955 1520 2034 Regi·

256 2089 389 2132 nensem
423 2073 554 2150 portum
596 2074 824 2151 pervenerunt,
862 2089 928 2151 quo
960 2069 1157 2151 pertransito
1191 2068 1309 2132 fretum
1353 2068 1520 2144 Siculum,

255 2184 342 2263 quod
368 2184 452 2247 inter
474 2184 659 2248 Calabriam
685 2184 776 2263 Regii
800 2185 913 2248 ultime
936 2184 1076 2248 civitatis
1099 2182 1218 2247 ltaliess
1246 2183 1457 2265 provinciam
1488 2189 1520 2247 et

256 2296 393 2360 insulam
419 2298 526 2362 Sicilie
550 2298 682 2374 mediat,
716 2297 971 2362 transfretabant
995 2302 1028 2361 et
1051 2298 1083 2361 in
1108 2301 1205 2378 portu
1239 2316 1361 2377 magno
1396 2303 1431 2362 et
1468 2303 1521 2362 tu·

256 2411 380 2475 tissimo
405 2413 553 2476 Messene
578 2413 716 2475 civitatis
741 2413 772 2476 in
803 2413 919 2477 eadem
952 2411 1058 2475 insula
1091 2410 1272 2476 stacionem
1304 2418 1521 2494 receperunt,

256 2545 320 2607 que
344 2527 476 2608 quidem
501 2523 641 2590 civitas¹¹
662 2548 681 2591 a
706 2527 837 2590 civitate
862 2527 996 2590 Barensi
1021 2521 1246 2607 septingentai
1275 2524 1419 2591 miliaria
1447 2547 1517 2590 ma·

257 2641 327 2703 rino
368 2640 506 2705 transitu
544 2640 668 2705 distare
703 2638 932 2722 perhibeturl.
979 2640 1014 2703 ln
1042 2640 1105 2704 lroc
1128 2644 1226 2721 portu
1249 2637 1374 2720 galeis¹
1403 2640 1520 2705 triduo

256 2754 498 2835 quiescentibus
521 2775 703 2836 processus,
728 2775 811 2837 quos
835 2776 922 2837 papa
946 2759 1061 2819 contra
1086 2753 1243 2818 Karolunr
1269 2753 1519 2823 tulminaverat.

256 2868 384 2949 publice
408 2869 479 2933 lecti
492 2880 515 2907 ¹¹¹
536 2874 621 2944 sunt,
646 2873 678 2933 et
697 2889 781 2950 papa
808 2874 874 2934 tam
899 2890 919 2934 a
943 2869 1028 2933 clero
1051 2887 1152 2950 quam
1175 2889 1195 2932 a
1219 2867 1347 2932 civibus
1373 2869 1405 2932 in
1432 2871 1520 2934 niul·

257 2986 363 3046 torum
390 2983 577 3047 victualium
602 2984 848 3064 presentacione
872 2983 1128 3048 lionoratusest.
1175 2982 1425 3047 Recedentibus
1442 2984 1519 3048 inde

256 3097 356 3177 galcis
381 3103 560 3179 tempestas
583 3099 683 3161 maris
717 3099 828 3174 oritur,
867 3097 954 3161 unde
987 3097 1078 3176 galee
1102 3097 1145 3160 ab
1178 3096 1318 3161 invicem
1354 3097 1519 3180 disperse.

257 3212 397 3292 quedam
432 3232 544 3277 earum
583 3217 727 3276 montem
760 3212 965 3292 strumum),
1008 3211 1063 3291 qui
1097 3214 1133 3274 ut
1165 3230 1261 3275 mous
1291 3210 1403 3275 Etbna
1439 3231 1520 3278 oon·

257 3325 346 3388 tinuc
371 3326 476 3402 ardet,
503 3365 541 3372 -
568 3330 736 3390 ettamen
761 3325 887 3390 editicia
910 3325 1019 3390 diruta
1038 3327 1203 3406 apparent
1226 3324 1259 3388 in
1283 3344 1335 3402 eo,
1361 3331 1394 3390 et
1420 3327 1520 3392 andi·

257 3459 321 3520 que
344 3440 427 3504 mari
460 3442 583 3504 cinctus
618 3445 666 3503 est
688 3477 726 3484 --
754 3460 772 3502 a
803 3439 935 3517 dextris,
969 3438 1110 3520 quedam
1145 3457 1166 3501 a
1198 3437 1340 3502 sinistris
1373 3440 1521 3524 relique·

258 3558 345 3629 runt,
378 3555 489 3635 sieque
500 3565 514 3592 ¹¹
552 3574 637 3618 nunc
676 3554 754 3617 velis
778 3553 919 3617 extensis
943 3573 1028 3617 nune
1052 3570 1217 3616 remorum
1241 3551 1345 3616 ductu
1378 3555 1521 3636 naviga·

259 3667 348 3743 baut,
380 3667 484 3732 donec
517 3668 696 3732 miliaribus
730 3669 881 3731 trecentis
918 3666 1165 3748 quinquaginta,
1205 3665 1289 3730 inter
1326 3666 1521 3735 Messanam

259 3786 291 3845 ct
316 3781 484 3863 Neapolim
511 3782 740 3849 mediantibus,
775 3781 841 3844 tere
874 3779 1077 3862 pertransitis
1112 3779 1221 3843 sinum
1254 3778 1521 3862 Neapolitanum

259 3903 334 3959 sunt
359 3897 511 3974 ingresse,
540 3915 637 3976 quern
663 3896 873 3977 pervagando
897 3915 983 3959 nuuc
1006 3894 1048 3959 ad
1072 3897 1205 3976 portum
1237 3893 1398 3976 Neapolis
1433 3918 1522 3964 tinne

347 4112 362 4139 ¹⁸
385 4101 435 4169 ipsi
457 4099 576 4165 (Drucln.
634 4098 648 4137 ¹¹
672 4103 814 4153 rerlweaert
835 4116 1018 4168 utracumque
1037 4098 1116 4152 Cass.
1171 4108 1185 4138 ⁰
1207 4097 1271 4153 aliis
1288 4097 1359 4155 Pau
1425 4100 1444 4143 d
1466 4102 1523 4159 lan.

258 4195 285 4242 et
306 4190 366 4246 Bar.
387 4190 413 4242 li.
503 4191 677 4242 ⁰turturrim
699 4191 758 4243 Por.
832 4188 844 4227 f
867 4189 983 4258 spoliare
1003 4188 1062 4241 Par.
1154 4198 1171 4239 a
1195 4185 1276 4241 ltalia
1303 4190 1334 4241 tn
1364 4188 1450 4246 Can.
1478 4212 1523 4245 aa

259 4280 354 4332 trama·
373 4286 465 4347 apullia·
485 4280 686 4344 reric-ltprtruprn.
760 4276 775 4318 ¹¹
796 4278 917 4330 civitella
937 4277 996 4330 Par.
1071 4273 1078 4316 l
1106 4275 1274 4346 septlnssettll
1293 4274 1362 4331 Pul.
1422 4278 1441 4321 ¹
1462 4297 1522 4352 μο-

258 4366 366 4421 bibetur
385 4367 449 4421 l¹ud.
524 4364 531 4406 ¹
561 4366 655 4433 galeas
674 4366 737 4420 l‘ad.
821 4378 844 4405 ¹¹¹
865 4366 944 4419 electi
969 4363 1090 4429 (Druck).
1172 4374 1189 4404 ¹¹
1209 4363 1250 4418 sic
1267 4363 1341 4434 quot
1360 4364 1430 4423 Pur.

351 4550 368 4613 ¹)
391 4552 447 4602 Iler·
465 4549 585 4599 sctaaten
606 4550 676 4598 rrird
695 4566 749 4597 rum
770 4546 868 4603 Chrun.
887 4546 939 4598 Sic.
959 4553 985 4598 S.
1007 4551 1041 4598 02
1060 4547 1113 4611 nus
1129 4548 1223 4598 20000
1241 4545 1350 4599 Gnidon
1366 4549 1522 4613 W.

261 4640 318 4691 Dea
336 4640 449 4705 pratitae
473 4638 530 4688 Teil
549 4644 658 4688 eraetzte
676 4638 726 4686 der
744 4636 834 4702 Ilrpst.
856 4663 887 4673 -
909 4633 930 4701 ²)
950 4635 1096 4703 Metropoli,
1126 4663 1158 4673 -
1187 4630 1208 4701 ¹)
1228 4630 1375 4687 &mut
1393 4636 1427 4689 8.
1446 4638 1477 4691 8.
1495 4640 1523 4693 4.
