3390 5160
764 331 940 386 ,ῃ-

224 484 341 551 eodem
389 505 483 563 sero,
533 490 708 568 postquam
752 488 905 552 conclave
948 486 1125 552 exiverunt.
1191 486 1257 550 Sed
1295 484 1477 553 cardinales

223 598 387 676 timentes,
414 600 503 682 quod
528 599 641 664 electio
664 601 718 666 illa
750 602 934 684 displiceret
967 601 1137 677 Romanis,
1170 601 1344 665 noluerunt
1376 610 1475 665 eam⁸

224 714 337 779 statim
370 713 546 796 publicare.
606 715 716 794 Quare
755 717 990 781 ordinaverunt
1031 715 1159 780 mittere
1197 720 1303 781 certas
1344 715 1476 781 cedulas

224 828 320 893 unius
344 829 465 893 tenoris
489 848 528 893 ex
553 834 646 911 parte
669 830 792 911 collegii
816 832 912 896 certis
935 831 1069 912 prelatis
1102 831 1230 908 Italicis,
1262 830 1368 895 Rome
1399 834 1475 894 tunc

223 942 448 1020 existentibus,
486 943 608 1009 scilicet
639 943 884 1027 archiepiscopo
927 945 1046 1010 Pisano
1062 946 1095 1026 ¹),
1135 944 1379 1027 archiepiscopo
1412 944 1477 1009 Ba·

224 1056 358 1140 macir),
391 1058 545 1140 episcopo
569 1057 731 1123 Nucerino
749 1059 784 1142 ²³),
818 1065 850 1124 et
882 1061 995 1126 abbati
1028 1059 1147 1124 montis
1179 1060 1353 1141 (lassini‘l,
1387 1059 1475 1141 quod

224 1172 372 1237 renitent
394 1173 507 1237 statim
532 1174 600 1237 visa
624 1173 749 1249 cedula,
780 1180 810 1238 et
844 1175 979 1256 quilibet
1009 1193 1121 1239 eornm
1154 1173 1318 1255 sigillatim
1352 1175 1476 1239 veniret

224 1290 357 1371 propter
380 1287 484 1351 ardua
508 1288 654 1368 negocia,
678 1308 743 1370 que
768 1293 969 1371 emergerent
994 1288 1025 1352 in
1050 1289 1205 1354 conclavi.
1266 1287 1392 1366 Quibus
1421 1309 1475 1354 ve·

224 1401 387 1467 olentibus
410 1402 591 1467 cardinales
616 1403 705 1468 ibant
731 1403 773 1468 ad
797 1405 982 1485 prandium,
1017 1404 1152 1484 quilibet
1176 1403 1207 1467 in
1231 1403 1345 1468 cellam
1369 1423 1475 1480 suam,

223 1521 255 1581 et
278 1517 414 1600 predicti
439 1517 555 1600 prelati
578 1518 727 1583 collocati
747 1524 824 1583 sunt
849 1519 880 1583 in
901 1539 1030 1585 cantara
1049 1516 1260 1602 paramentib
1280 1519 1398 1583 domus
1417 1538 1475 1600 pa·

221 1630 316 1713 pelis,
335 1650 399 1714 que
423 1636 494 1698 erat
516 1652 619 1715 prope
643 1633 806 1711 conclave,
840 1638 872 1697 et
896 1633 939 1697 ibi
962 1633 1178 1716 prandebant.
1235 1631 1358 1697 Deinde
1390 1633 1475 1697 circa

219 1744 339 1811 boram
364 1758 497 1823 none⁰‚
537 1747 615 1811 dum
640 1747 807 1812 silencinm
832 1752 1005 1812 tenuerunt
1039 1748 1181 1813 Romani
1214 1769 1234 1813 a
1267 1747 1476 1823 clamoribus,

220 1857 304 1924 dixit
337 1859 511 1927 cardinalis
544 1862 647 1926 sancti
680 1860 767 1926 Petri
800 1862 871 1926 aliis
904 1862 1141 1927 cardinalibus:
1189 1861 1290 1937 ‚Ecce
1314 1860 1476 1929 ‹lomini‘¹.

218 1974 323 2039 modo
333 1971 349 2013 ‘¹
391 1975 498 2040 nullus
529 1976 650 2040 clamat
683 1976 724 2040 de
756 1976 925 2053 Romanis
959 1977 1132 2042 sedeamus
1166 1981 1198 2042 et
1232 1977 1348 2041 iterum
1378 1976 1477 2055 eliga-

220 2107 296 2153 mus
314 2088 484 2154 dominum
509 2090 695 2168 liecensem,
729 2111 770 2155 ne
802 2096 918 2173 postea
950 2091 1087 2167 dicatur,
1122 2091 1209 2173 quod
1244 2091 1358 2156 electio
1381 2091 1475 2156 luerit

221 2194 435 2277 impressore.
484 2195 522 2260 Et
545 2201 622 2260 tnnc
656 2198 772 2264 iterum
807 2196 961 2262 sedenmt
991 2203 1024 2262 et
1057 2197 1164 2262 adhuc
1198 2197 1363 2278 elegerunt
1397 2218 1475 2262 eun·

221 2308 297 2374 dem
311 2309 347 2390 ³⁵).
395 2308 518 2375 Deinde
542 2310 623 2375 bora
649 2331 857 2394 vesperanrm
892 2312 1074 2377 cardinales
1106 2312 1274 2377 exiverunt
1311 2312 1476 2388 conclave.

222 2442 289 2489 non
319 2423 480 2490 audentes
513 2425 665 2507 detegere
697 2426 887 2491 electionem
922 2431 1056 2508 propter
1088 2427 1245 2508 populum
1276 2426 1474 2491 Romanurn.

221 2535 315 2603 Tunc
338 2537 492 2604 dominus
511 2539 671 2623 Agapitus
694 2540 735 2605 de
758 2541 942 2622 Colnmpna
973 2539 1153 2612 Romanus,
1187 2541 1359 2623 episcopus
1392 2540 1473 2605 Ulis-

223 2650 377 2716 bonensis
389 2652 425 2735 ⁸¹),
449 2653 638 2735 capellanus
665 2654 838 2719 cardinalis
862 2655 1108 2719 (lebbenensis0
1134 2655 1344 2736 interrogarit
1368 2655 1474 2737 ipsum

223 2765 421 2831 canlinalem
446 2766 576 2833 dicens:
612 2769 711 2843 ‚Multi
748 2769 848 2833 multa
874 2768 1069 2851 loquuntur¹
1099 2769 1141 2834 de
1173 2770 1341 2845 electione,
1374 2788 1473 2851 quam

223 2880 362 2945 iecistis‘.
410 2881 469 2946 Cui
502 2883 676 2947 cardinalis
715 2883 901 2965 respondit:
946 2885 1094 2959 ‚Domine
1132 2884 1281 2965 Agapde,
1318 2884 1344 2948 si
1379 2883 1475 2947 rultis

223 2994 360 3060 liberare
383 2995 551 3062 ecclesiam
576 2996 644 3073 Dei,
670 2998 795 3063 vadatis
819 3019 893 3062 cnm
919 3000 1072 3063 comitiva
1097 3003 1215 3073 restra.
1239 2999 1317 3080 quia
1336 3017 1475 3079 magnus

223 3110 300 3174 estis
324 3111 357 3174 in
381 3109 443 3176 bac
466 3111 556 3186 urbe.
585 3116 617 3176 et
641 3132 714 3176 cum
740 3114 930 3193 parentibus
963 3113 1078 3176 vestris
1102 3113 1263 3177 custodite
1297 3113 1379 3177 bene
1412 3111 1474 3176 ista

223 3230 317 3289 nocte
340 3224 510 3289 dominum
535 3226 814 3309 archiepiscopum
839 3228 1026 3297 Barensem.
1060 3228 1116 3310 qui
1146 3231 1193 3292 est
1227 3228 1408 3292 absconsus
1442 3226 1473 3290 in

224 3338 376 3420 patacior
411 3340 531 3422 papali,
571 3341 648 3422 quia
688 3341 793 3423 ipsum
827 3341 992 3419 eiecimus,
1026 3348 1058 3405 et
1091 3343 1160 3422 ipse
1184 3346 1233 3405 est
1258 3360 1352 3404 verus
1375 3360 1473 3422 papa,

285 3462 473 3471 .—-—-—-.—

310 3522 327 3553 ⁸
345 3513 414 3578 {chit
434 3516 468 3564 im
502 3514 574 3575 Tm,
603 3531 646 3565 nm
676 3516 771 3566 Rerndc
799 3519 891 3581 cmiter
918 3515 1111 3581 mrcltyctrnyeu
1136 3511 1213 3567 (lm.
1291 3511 1307 3551 t·
1325 3512 1474 3583 pavimenti

223 3597 344 3667 (Druck).
417 3612 430 3641 θ
454 3604 481 3654 in
502 3599 530 3655 L.
550 3604 601 3654 dns
629 3603 837 3670 ursprnnpttete
865 3619 933 3656 none
961 3604 1103 3655 rerdndert
1131 3607 1158 3654 in
1182 3618 1289 3655 notrum.
1362 3599 1378 3640 ‘¹
1398 3601 1473 3655 dum·

224 3687 301 3743 nodo
319 3686 442 3756 (Druck).
514 3700 608 3759 ⁸cnp.
639 3723 660 3729 --
681 3691 721 3743 bia
739 3688 906 3744 (lehonensis
925 3694 995 3743 iterat
1015 3689 1137 3775 (tlruckl.
1218 3688 1230 3729 s
1264 3689 1389 3745 locuntur
1408 3689 1474 3745 Ptd.

223 3779 354 3831 trorlier
369 3793 441 3848 papa
458 3779 663 3831 durchatrirlien
684 3777 748 3832 Ped.

313 3943 333 4007 ¹)
354 3946 411 3997 Iler
431 3945 592 4009 Is'rebisclros
611 3945 704 3998 Franz
724 3946 860 3997 „tim-iconi
889 3965 936 3998 aon
958 3948 1020 3998 Itan
1051 3948 1121 3997 rrird
1144 3955 1217 3999 acuat
1238 3954 1316 3999 uerter
1335 3948 1384 3998 den
1407 3948 1473 4000 Esn-

222 4034 366 4099 prodam
386 4034 459 4085 nictit
478 4034 607 4099 erordlrnt,
635 4035 761 4085 rielmelrr
780 4036 829 4087 der
849 4036 993 4088 ltrtrinrclr
1014 4054 1061 4086 ron
1091 4037 1312 4102 (bnstnntinopel
1340 4037 1397 4087 itud
1424 4036 1474 4087 der

228 4118 340 4187 lithos
351 4139 398 4173 ron
414 4122 545 4175 Lentos
561 4125 712 4189 (alpnpetua
731 4124 763 4173 dc
779 4124 912 4180 t'olonmr)
928 4121 1071 4191 (Rtyncld
1087 4122 1156 4176 dnn.
1171 4121 1235 4176 eccl.
1246 4141 1280 4176 zu
1294 4128 1362 4177 1:17⁸
1378 4125 1428 4176 Nr.
1439 4128 1472 4177 dl

225 4227 250 4262 rr.
268 4207 394 4265 Belum.
414 4208 477 4264 hist
496 4208 841 4273 aniv.i’=ris.1t's·.laa).
872 4213 929 4264 Iler
948 4213 1110 4276 Erebiaclros
1128 4230 1175 4263 ron
1196 4213 1268 4275 lam,
1289 4212 1400 4264 Μάιον
1418 4220 1473 4264 md

225 4298 292 4351 uad·
303 4300 387 4366 April
405 4304 422 4348 a·
439 4316 487 4350 rou
499 4299 562 4351 Piso
576 4300 695 4365 supleiclr
712 4303 759 4350 mit
775 4301 832 4351 dem
851 4302 987 4351 t'ordinnl
1005 4301 1115 4352 Jotann
1135 4302 1167 4351 dr
1187 4304 1320 4367 (irruptis
1338 4300 1471 4365 nufbrorlr

225 4400 273 4454 per
299 4400 375 4440 uer
401 4389 473 4440 totto
499 4403 517 4438 ι
535 4384 620 4440 llam·
647 4403 664 4440 ι
691 4385 812 4440 chiamar
840 4385 865 4440 lo
889 4386 964 4458 Pup·
991 4387 1136 4455 (Chronica
1154 4387 1180 4441 di
1201 4387 1265 4442 Pia·
1282 4390 1323 4440 lm·
1342 4386 1471 4443 Muratori

226 4470 257 4529 R.
275 4472 297 4528 Ι.
314 4472 361 4529 88.
381 4472 440 4537 XV,
460 4476 488 4528 S.
510 4480 602 4539 1073),
620 4476 717 4527 boante
735 4480 782 4528 mit
801 4479 851 4529 den
871 4479 1024 4544 ‹lrimrrliprn
1047 4478 1281 4529 l'erl·rlrrmnittrln
1296 4496 1338 4527 nm
1353 4488 1378 4529 tl.
1390 4479 1473 4544 April

226 4562 291 4617 κὰ
309 4564 381 4616 nicht
401 4566 429 4615 in
448 4565 513 4617 Rom
533 4567 598 4618 rein.
635 4593 663 4600 -
695 4565 715 4623 ³)
738 4564 955 4619 llantotomam.
984 4593 1017 4603 -
1047 4567 1066 4623 ·¹t
1088 4567 1177 4618 Lucos
1222 4593 1251 4603 -
1286 4566 1306 4631 ⁴)
1325 4567 1421 4618 terrui
1440 4568 1473 4618 de

227 4652 355 4706 finam.
376 4682 407 4692 -
427 4649 447 4716 ⁸)
467 4654 517 4706 lit
538 4654 693 4707 Amnchmr
711 4655 892 4708 irrideantur
915 4657 947 4707 de
971 4656 1086 4707 l'rsiuia.
1110 4684 1137 4693 -
1159 4654 1180 4717 ‘l
1199 4657 1256 4711 sert
1276 4660 1352 4708 ml.
