3390 5160
760 365 789 373 -
830 332 953 390 226-

223 496 372 569 'sucrant
398 492 456 575 ipsi
481 511 598 573 nempe
622 491 731 554 traditi
765 492 795 554 in
827 492 987 557 desideria
1022 491 1128 556 cordis
1160 492 1209 556 sui
1244 491 1382 557 saturati
1415 488 1477 555 fue

230 612 305 670 runt
328 608 468 670 consiliis
502 579 577 669 suis.
624 604 719 669 Unde
742 605 849 670 adbuc
873 606 1028 687 degentes
1061 606 1122 669 sub
1146 606 1292 670 dominio
1324 605 1538 685 cronopi-m

230 722 318 801 scopi
343 720 544 785 Coloniensis
568 719 675 800 predis
700 724 731 783 et
756 720 877 800 rapinis
894 720 1262 796 turbanturcolidianiS,
1284 719 1478 801 penitentes·

230 853 294 915 que
322 835 363 897 de
400 834 610 899 abdicacione
644 833 760 913 prioris
792 832 914 897 domini
948 834 1007 907 sui,
1042 832 1215 897 videlicet‘²
1244 831 1410 896 Wilbelmi
1441 832 1479 895 de

230 948 349 1023 Monte,
374 968 418 1023 se,
452 947 478 1009 si
504 947 603 1028 ipsius
636 946 786 1009 tuicionis
818 947 953 1027 pristine
986 951 1119 1028 possent
1153 946 1298 1027 gaudere
1330 946 1477 1028 presidio.

230 1061 297 1124 lore
321 1061 426 1123 felices
449 1060 625 1134 affirmant,
650 1059 808 1141 multique
831 1079 870 1123 ex
895 1060 940 1124 eis
963 1079 1023 1141 pro
1052 1080 1101 1136 eo,
1136 1059 1225 1141 quod
1259 1060 1396 1125 ecelesia
1419 1058 1478 1122 Pa·

230 1172 458 1237 derbornensis
483 1172 606 1236 liabens
631 1172 691 1234 sub
715 1191 750 1235 se
774 1172 949 1249 civitatem,
983 1172 1081 1253 opida
1113 1177 1146 1237 ct
1183 1177 1292 1236 castra
1325 1176 1453 1236 murata
1464 1168 1477 1207 ¹·

231 1287 425 1367 plusquam
451 1286 582 1364 triginta
606 1289 722 1366 sponte
747 1286 811 1348 ruit
836 1286 867 1348 in
892 1291 959 1350 tarn
985 1285 1235 1366 ignominiosum
1259 1286 1478 1368 precipicium.

230 1400 320 1480 quod
346 1420 380 1462 se
404 1400 447 1462 ad
471 1399 636 1462 electionis
660 1399 855 1480 pontificalis
877 1400 1117 1480 prerogativam
1142 1419 1208 1464 non
1234 1400 1320 1465 valet
1344 1399 1477 1475 elevare,

229 1513 318 1593 gravi
343 1533 469 1577 merore
493 1513 673 1576 tabescunt.
720 1512 898 1594 Postquam
931 1514 1083 1578 dominus
1105 1514 1264 1578 Martinus
1298 1533 1385 1595 papa
1409 1533 1477 1595 pre·

230 1627 334 1691 dictus
359 1627 415 1690 luit
439 1631 624 1701 coronatus,
648 1646 706 1708 per
738 1627 892 1691 naciones
925 1627 1049 1692 concilii
1081 1628 1256 1709 petebatur
1279 1627 1348 1691 lieri
1381 1628 1476 1691 reior-

232 1741 335 1805 macio
364 1741 497 1804 ecclesie
522 1745 588 1804 tani
615 1741 646 1803 in
671 1741 777 1822 capite
800 1758 899 1821 quarn
924 1741 956 1804 in
987 1741 1152 1817 membris,
1182 1745 1281 1822 prout
1316 1742 1348 1804 in
1382 1741 1476 1805 retor-

230 1853 369 1917 malorio
402 1874 460 1935 per
493 1854 534 1917 ad
568 1853 630 1917 lroc
663 1853 783 1919 electos
818 1858 1010 1936 conceptum
1044 1855 1158 1918 suerat.
1214 1854 1280 1918 Sed
1314 1855 1475 1935 quianon

230 1988 343 2032 omnes
368 1987 450 2049 eque
473 1968 626 2031 ardenter
650 1967 826 2044 instabant,
859 1968 1079 2033 cardinalibus
1112 1968 1213 2033 eciam
1254 1968 1287 2032 in
1321 1968 1384 2032 troc
1416 1974 1476 2031 tor·

228 2083 390 2164 pentibus,
415 2101 529 2164 parum
554 2082 769 2162 proiecerunt.
817 2081 913 2146 Unde
937 2083 1031 2146 nacio
1056 2082 1223 2147 Gallicana
1255 2101 1365 2162 regem
1402 2081 1475 2145 adiit

229 2201 343 2279 petens
368 2197 409 2258 ab
434 2217 483 2272 00,
508 2201 543 2259 ut
567 2216 685 2277 papam
711 2196 753 2259 ad
773 2196 1018 2260 reformandum
1038 2196 1204 2260 ecclesiam
1225 2195 1416 2276 dignaretur
1432 2196 1475 2259 in·

231 2312 389 2386 formare3
414 2310 468 2391 qui
494 2310 661 2391 respondit
684 2310 748 2373 eis:
776 2309 870 2386 ,Dum
894 2330 964 2386 nos,
989 2314 1025 2374 ut
1048 2309 1240 2374 relormacio
1264 2309 1358 2375 tieret
1380 2310 1475 2374 eccle·

229 2427 285 2500 sie,
309 2425 499 2506 priusquam
524 2423 566 2487 ad
596 2424 783 2488 electionem
817 2425 935 2487 summi
975 2423 1136 2504 pontificis
1158 2422 1400 2506 procederetur,
1432 2423 1474 2487 in·

230 2540 409 2615 stabamus,
434 2558 492 2601 vos
516 2538 663 2601 nolentes
686 2538 901 2619 acquiescere,
925 2557 1058 2619 papam,
1092 2537 1283 2620 priusquam
1316 2537 1409 2602 fieret
1430 2557 1475 2600 re·

230 2653 386 2717 sonnacio
411 2652 552 2727 ecclesie,
577 2652 698 2716 habere
722 2651 877 2714 voluistis.
926 2651 965 2714 Et
988 2670 1063 2715 eoce
1086 2671 1207 2733 papam
1223 2651 1364 2728 habetis,
1382 2670 1473 2733 quem

230 2772 263 2831 et
287 2787 347 2830 nos
372 2766 547 2841 trahemus3
579 2766 667 2828 illum
692 2785 751 2846 pro
775 2765 985 2846 expedicione
1018 2764 1203 2829 huiusmodi
1236 2765 1475 2829 reformacionis

230 2882 327 2956 adite,
355 2880 510 2962 quoniam
535 2899 594 2961 pro
618 2899 703 2942 nunc
727 2879 829 2942 nostri
849 2898 914 2942 aon
939 2879 1082 2955 interest,
1106 2882 1204 2961 prout
1225 2878 1382 2944 intererat
1405 2878 1476 2942 sede

230 2995 380 3059 ltomana
406 2998 563 3058 vacante‘.
611 2994 694 3056 Sunt
718 2997 829 3058 tamen
854 2993 993 3074 quedam
1028 2992 1214 3068 reformata,
1247 2994 1400 3074 quamvis
1431 3012 1476 3056 re·

229 3114 342 3192 speetu
366 3114 596 3190 conceptorum
623 3128 738 3189 pauca,
763 3107 870 3170 verbis
894 3107 1026 3188 quidem
1050 3111 1084 3172 ct
1106 3107 1244 3188 scriptis,
1269 3126 1335 3189 que
1349 3111 1477 3190 propter

229 3226 372 3289 humane
397 3223 513 3286 mentis
536 3222 787 3286 mutabilitatem
821 3221 998 3286 divinitatis
1029 3225 1238 3285 excusantem
1262 3240 1298 3285 se
1322 3222 1385 3286 sub
1409 3240 1476 3285 um·

229 3339 287 3404 bra
312 3339 363 3401 liic
388 3338 528 3401 inserere
561 3356 626 3399 non
661 3355 823 3417 presumo.
880 3335 947 3416 Ego
979 3335 1111 3417 quidem
1145 3335 1210 3399 iam
1243 3335 1340 3400 annis
1372 3335 1476 3399 multis

228 3458 349 3517 statum
375 3455 577 3533 pertractans
601 3450 743 3525 ecclesie,
767 3468 944 3530 perquem
970 3448 1103 3512 modum
1128 3447 1170 3512 ad
1204 3448 1398 3514 universalis
1429 3468 1477 3512 ec·

229 3568 324 3633 clesie
348 3565 629 3640 relormacionem,
653 3564 814 3628 scandalis
838 3563 973 3627 sublatis
998 3563 1159 3640 omnibus,
1174 3563 1336 3644 perveniri
1359 3565 1476 3645 posset,

230 3684 356 3748 curiosa
380 3685 489 3744 rnentc
514 3678 644 3743 revolvi.
693 3677 798 3754 Quem
823 3676 954 3758 quidem
979 3677 1113 3741 modum
1142 3675 1303 3741 Dominus
1335 3676 1476 3741 fortassis

230 3797 388 3868 ostendet,
413 3816 480 3856 cum
507 3796 538 3855 in
563 3795 678 3875 spiritu
705 3792 869 3853 rctrcrncnti
891 3797 1022 3853 conteret
1047 3810 1138 3854 cruces
1167 3789 1345 3868 Thuraiub.
1379 3790 1476 3855 Porro

32 3953 83 3992 „1⁸
98 3947 171 4003 App,
184 3953 216 3993 η,
231 3932 317 3978 arrno
342 3910 469 3974 llomini
500 3909 582 3970 t-lltt
606 3905 793 3987 supradicto
818 3905 970 3969 vicesima
993 3904 1136 3969 secunda
1155 3903 1207 3968 die
1223 3903 1346 3968 mensis
1363 3903 1477 3986 Aprilis

231 4025 315 4089 istud
340 4023 509 4086 concilium
535 4021 788 4083 tlonstauciense
813 4019 999 4084 absolutum
1023 4023 1082 4096 est,
1116 4022 1148 4084 ct
1171 4017 1286 4083 aliud⁶
1308 4018 1476 4083 concilium

230 4113 380 4221 ’generale
413 4137 529 4200 deinde
563 4135 603 4199 ad
629 4135 886 4215 qriinqucnnium
920 4133 950 4196 in
975 4132 1077 4215 Pupia
1109 4132 1241 4197 civitate
1264 4131 1394 4213 Ligurie
1423 4145 1539 4197 scum·

232 4251 424 4318 lombardie
449 4247 676 4312 celebrandum
702 4244 786 4328 perd
811 4267 931 4328 papam
966 4250 1014 4310 est
1043 4243 1276 4330 indictum·²).
1333 4245 1373 4310 m
1404 4245 1477 4330 quia

231 4372 244 4379 ’
320 4418 425 4467 anna
446 4414 505 4466 rar.
553 4409 685 4462 bmirma
710 4409 773 4462 raa.
821 4409 922 4462 curua
945 4407 1013 4464 rm.
1069 4407 1175 4463 daem
1193 4407 1260 4464 rm.
1315 4419 1331 4452 ·
1352 4408 1478 4464 aaran

230 4512 272 4560 eat
293 4505 351 4558 Per,

324 4652 341 4717 'l
362 4649 404 4703 1⁸8.
425 4653 468 4713 47,
487 4658 511 4700 rt.
543 4678 551 4684 -
591 4647 608 4710 ³)
632 4648 661 4698 In
682 4647 731 4695 ‹lrr
751 4649 790 4700 ll.
811 4646 926 4712 n'ttzunq
944 4663 986 4696 run
1008 4649 1048 4698 19.
1069 4644 1153 4712 April
1171 4644 1250 4697 1418.
