3390 5160
692 329 868 384 ...57-

158 484 269 554 uncis
292 486 451 554 translate
474 491 560 553 sunt.
607 487 823 554 Baldwinus⁸
851 491 927 552 ante
961 487 1064 553 altare
1088 485 1281 568 predictum,
1316 481 1405 567 quod

150 602 362 681 tundaverat,
400 603 475 669 iecit
514 603 579 668 todi
618 603 826 686 sepulchrum
863 608 894 668 et
929 624 1019 668 more
1051 601 1198 667 cimiterii
1223 601 1407 684 specialiter

157 717 234 784 illud
257 720 464 785 consecravit
491 724 524 784 et
547 720 706 784 concessit
717 717 732 755 ¹'
752 719 1017 785 circueuntibusc
1052 718 1158 800 ipsum
1187 715 1406 798 quadraginin

157 831 227 899 dies
249 833 539 916 indulgenciamm.
573 834 646 916 lpse
664 835 779 912 eciam,
803 836 885 899 sicut
903 833 1148 916 predecessores
1164 833 1214 897 sui
1234 835 1311 897 ante
1331 850 1406 896 eum

157 948 310 1015 iacetani.
334 968 394 1031 per
416 968 452 1013 se
475 949 581 1031 ipsum
605 949 749 1014 oilicium
772 949 958 1031 pontificale
990 945 1158 1014 euercuitd
1188 947 1321 1012 ordines
1353 966 1406 1011 ec·

157 1062 354 1129 clesiasiicos
377 1063 574 1128 conterendo
589 1074 613 1140 ⁰,
647 1065 765 1128 crisma
788 1064 1020 1140 consecrando,
1050 1063 1201 1129 ecclesias
1224 1061 1407 1127 dedicando

157 1184 189 1243 et
211 1179 473 1244 confirmacionis
496 1185 738 1245 sacramentum
763 1180 990 1255 ministrando,
1024 1179 1113 1261 quod
1145 1182 1220 1261 post
1253 1198 1328 1243 eum
1353 1197 1407 1243 us·

158 1313 222 1377 que
244 1295 288 1361 ad
311 1294 374 1359 boc
397 1299 527 1377 tempus
550 1316 609 1378 per
632 1296 773 1377 aliquem
798 1297 986 1378 episcopum
1013 1296 1315 1362 Paderbumcnsem
1346 1293 1407 1358 mi·

159 1410 246 1475 nime
269 1408 390 1475 iactum
414 1416 472 1476 esi.
521 1411 559 1475 Et
584 1412 615 1476 in
640 1411 778 1476 summis
802 1412 891 1476 iestis
915 1416 952 1475 ut
983 1412 1159 1495 plurimum
1194 1411 1226 1476 in
1260 1411 1330 1492 ipse
1354 1429 1407 1475 ec·

157 1524 256 1592 cleaia
297 1525 559 1591 Paderbumensi
607 1526 818 1609 solempniter
864 1527 1047 1592 celebravit.
1110 1527 1183 1607 {Hic
1219 1525 1408 1591 Baldwinus

158 1639 248 1706 dedit
280 1639 446 1706 licenciam
480 1641 609 1707 cuidam
643 1642 844 1725 presbytero,
878 1643 968 1724 quod
1000 1644 1069 1723 ipse
1100 1643 1265 1724 quendam
1290 1641 1407 1708 laicum

156 1755 338 1820 debitorem
377 1775 472 1820 suum
506 1757 549 1821 ab
587 1757 766 1823 emunitate
804 1758 992 1823 monasterii
1030 1759 1219 1822 sanctorum
1256 1756 1343 1821 Petri
1376 1761 1408 1820 ei

157 1869 251 1937 Pauli
293 1870 574 1937 Paderburnensis
614 1872 644 1936 vi
687 1872 847 1937 abstraxit
889 1877 921 1938 et
958 1892 1032 1937 eum
1067 1872 1108 1936 ad
1147 1872 1281 1937 domum
1315 1891 1408 1936 suam

154 1984 293 2051 ductum
327 1986 359 2050 in
392 1986 514 2065 liguum
545 1987 683 2051 detrusit
716 1984 909 2070 tenuitques
934 2007 1008 2052 eum
1042 1988 1087 2052 sic
1120 1987 1288 2051 detrusum
1323 1987 1408 2052 intra

154 2101 372 2167 emunitatem
397 2103 530 2169 ecclesie
554 2108 743 2169 sanctorum
767 2103 854 2168 Petri
888 2107 920 2167 et
944 2103 1084 2180 Andrus,
1118 2102 1222 2167 donec
1254 2101 1410 2168 satisfecit

155 2215 200 2281 ‹le
232 2215 434 2302 debito⁸.]¹'
478 2218 516 2282 Et
549 2222 724 2302 postquam
759 2219 878 2301 prefuit
910 2219 1044 2283 ecclesie
1068 2219 1162 2284 annis
1196 2217 1319 2297 viginti,
1352 2216 1409 2280 de·

156 2331 288 2398 iunctim
310 2332 397 2415 est¹l
420 2338 453 2398 et
477 2334 509 2398 in
533 2334 716 2417 sepulchro,
740 2335 828 2418 quod
853 2337 1111 2409 consecraverat,
1136 2333 1326 2397 tumulatur.
1369 2331 1408 2396 Et

158 2447 303 2513 succedit
336 2449 365 2513 ei
398 2447 558 2514 chricus
590 2450 707 2532 Speucl
739 2450 844 2516 abbas
876 2449 1062 2514 Corbiensis
1095 2468 1194 2531 supra
1218 2447 1342 2519 dictus;
1377 2449 1409 2509 et

157 2563 236 2645 quia
258 2562 311 2627 ilie
334 2563 458 2646 primus
481 2568 561 2640 erat,
586 2565 636 2628 cui
661 2565 827 2646 provisum
862 2565 946 2646 cst²l
979 2564 1020 2628 de
1058 2562 1193 2629 ecclesia
1225 2561 1610 2628 Paderbnr-iaoumm

158 2677 251 2743 nursi
274 2696 335 2760 per
356 2678 467 2743 sedem
491 2680 716 2761 apostolicam,
751 2682 835 2746 iacta
869 2680 938 2745 cius
971 2685 1003 2744 et
1027 2698 1250 2744 successorum
1275 2697 1409 2743 suorum

159 2792 245 2859 inter
266 2797 360 2873 qesta
383 2793 574 2875 pontificum
600 2795 681 2859 inira
706 2795 845 2859 dicenda
869 2795 945 2859 duxi
971 2793 1149 2858 reserenda.

267 2907 365 2972 Anno
389 2908 518 2973 Domini
546 2910 629 2973 1349
658 2910 796 2973 surrexit
830 2914 917 2973 secia
949 2909 1091 2990 quedam
1125 2908 1342 2990 penitencium
1377 2907 1409 2970 iu
1440 2922 1498 2964 uu

159 3021 381 3106 Aimoniai),
405 3023 450 3087 iia
474 3024 562 3105 quod
587 3024 763 3088 multorum
788 3044 823 3088 se
843 3025 930 3106 ipsos
954 3023 1088 3104 ilagcliis
1108 3042 1165 3088 seu
1185 3021 1409 3104 scorpionibus

158 3137 348 3203 redencium
373 3138 597 3204 conventicula
622 3139 763 3213 iicbant;
807 3143 838 3203 et
871 3140 1069 3204 transierunt
1101 3138 1183 3203 tales
1206 3136 1409 3211 cateruatim,

160 3271 257 3317 eruce
281 3251 488 3334 precedente,
521 3253 562 3317 de
595 3255 725 3320 civitate
758 3255 790 3318 in
814 3255 978 3319 civilatem
1005 3258 1035 3318 ct
1060 3253 1200 3318 devilia
1234 3252 1276 3315 ad
1301 3252 1409 3318 villam

160 3373 277 3433 canius
307 3368 467 3450 quosdam
503 3369 655 3447 lugubres
698 3370 823 3452 vulgari
857 3370 964 3449 lingua
999 3369 1173 3434 cariiando.
1222 3368 1260 3432 Ei
1293 3368 1411 3433 deinde

160 3502 249 3550 anno
282 3486 439 3565 sequente
463 3483 662 3566 pestilencia,
695 3486 736 3550 de
760 3505 826 3567 qua
858 3485 1014 3566 sequitur,
1048 3485 1233 3561 inchoante,
1267 3485 1410 3549 maxima

160 3598 349 3681 persecucio
374 3596 545 3664 ludeomm
571 3600 655 3663 iacta
681 3605 729 3664 est
754 3596 838 3673 ital,
872 3605 906 3664 ui
939 3602 1004 3664 iere
1033 3601 1064 3664 in
1088 3600 1240 3663 omnibus
1273 3600 1411 3664 civitati·

160 3712 222 3778 bue
247 3713 336 3779 iudei
369 3712 496 3793 ignibus
529 3714 746 3781 traderentur.
797 3715 831 3779 Si
856 3716 911 3797 qui
941 3720 1051 3779 tamen
1076 3713 1173 3779 iidem
1198 3714 1409 3781 christianam

164 3838 248 3846 ...ι--

250 3899 266 3928 ¹
288 3885 433 3941 ulduinus
447 3886 507 3940 Pur.
583 3885 597 3923 Ι·
616 3888 751 3942 concessit
769 3891 840 3939 ‹leeai
861 3888 919 3940 l'ar.
1005 3900 1017 3924 1·
1041 3887 1269 3940 circumeuntibus
1288 3886 1410 3953 (Druck).

161 3974 336 4031 dexcercuit
353 3974 429 4031 Casa.
519 3988 533 4017 θ
556 3979 650 4030 rorici·
677 3977 710 4031 da
734 3979 937 4029 ‹lirrclrairiclrea
969 3976 1032 4031 Pad.
1125 3974 1137 4015 f
1163 3975 1331 4046 detinuitque
1350 3977 1411 4033 Prr.

161 4065 288 4120 tileblto
305 4067 428 4118 tweimul
445 4068 560 4127 (einmol
578 4068 798 4121 ‹iremberti-lien)
819 4064 882 4118 Psd.
956 4063 972 4106 h
996 4068 1053 4119 licia
1079 4068 1317 4132 Hispellumnmre
1344 4068 1411 4132 (cliii

162 4156 237 4213 Oua
311 4153 320 4197 ί
347 4159 417 4209 demi
437 4156 497 4210 Par.

254 4310 273 4375 ¹)
294 4314 361 4364 1361
382 4311 461 4364 Mur:
481 4314 514 4362 31
543 4312 665 4370 (Gamo).
706 4338 735 4346 -
776 4307 883 4370 'll'rln
903 4311 942 4360 bei
961 4311 1084 4369 sclarea,
1104 4311 1135 4362 Α.
1156 4308 1184 4363 Ρ.
1205 4307 1228 4361 li
1249 4314 1276 4362 δ’.
1297 4315 1356 4366 stu,
1402 4342 1408 4347 -

164 4397 393 4459 'lstMrltlirlt
413 4400 526 4450 nrrlrmrn
547 4406 600 4450 crat
624 4401 690 4449 1³49
709 4400 752 4449 dir
773 4399 985 4461 (leidclsnlrrien,
1009 4400 1052 4449 die
1070 4399 1126 4448 sicli
1145 4398 1254 4463 freiliclr
1274 4398 1354 4448 arbon
1375 4400 1411 4447 im

165 4489 263 4544 Herbi
283 4491 352 4541 irie
376 4489 427 4552 sili·
456 4477 604 4537 ilnterreielr
627 4487 788 4536 irurlrmeisen
816 4488 914 4547 limam,
940 4488 1071 4551 praeiberen
1106 4488 1221 4552 l'msunq
1247 4504 1291 4538 ern.
1335 4487 1410 4539 ,turb

165 4576 201 4631 11,
216 4577 327 4631 Kornen-
344 4579 373 4628 io
392 4578 481 4627 arim
499 4572 630 4627 Chronica
644 4572 760 4635 nocella,
779 4575 932 4641 herouapep.
954 4593 1001 4625 ron
1020 4576 1047 4626 Ι1.
1066 4576 1197 4625 ,tricolim
1217 4578 1302 4625 (lidii.
1321 4579 1412 4641 1⁸95),

164 4664 288 4717 terreum
310 4671 363 4716 ent
381 4681 442 4715 zuen
460 4664 548 4715 Jrrlrre
578 4667 644 4714 1319
663 4680 710 4714 ram
731 4664 780 4714 rien
803 4663 1024 4715 Geidrlbrilelern.
