3390 5160
684 337 857 391 ,27-

147 488 332 544 lietbsrius
363 491 541 561 episcopus
575 491 881 555 Psdsrburnensis‚
921 499 1094 564 postquam
1132 495 1220 548 circa
1251 495 1591 549 ecciesievxeiusnrn

143 588 430 642 restauracionem
449 588 534 658 apud
553 607 661 657 regem
681 595 713 643 st
741 590 913 661 principes
941 590 1037 659 regni
1066 608 1216 660 magnam
1247 591 1399 646 solicitu-

142 682 253 738 dinem
299 683 513 748 exhibuerat,
557 685 664 754 jactis
707 686 772 754 jam
819 686 1052 741 fundamentis
1100 687 1208 756 ipsiu's
1253 686 1399 741 ecclesie

141 800 209 847 non
243 787 353 848 tamen
386 782 418 847 in
452 801 491 847 co
524 783 605 859 ioco,
631 784 663 848 in
687 804 753 866 qno
777 785 866 865 prior
893 784 1026 849 ecclesia
1051 785 1155 850 fuerat
1180 789 1400 860 concremata,

142 894 301 950 vicesimo
329 899 447 950 octauo
475 896 647 967 episcopatus
674 899 716 951 sui
742 914 812 952 anno
838 897 922 951 obiit
950 901 984 951 st
1011 899 1184 952 successit
1222 898 1251 952 ei
1290 897 1400 968 lleyn·

143 1010 273 1047 vernus
300 993 372 1061 regi
401 991 544 1048 ilenrico
576 995 874 1064 consanguinitate
906 994 1112 1050 coniunctus.

255 1089 443 1160 iieyuwercus
462 1091 608 1145 decimus
627 1093 806 1162 spiscopus
825 1092 970 1147 ecclesie
989 1092 1292 1154 Psderburnensis.
1313 1097 1400 1162 post·
1416 1097 1549 1144 Ποίαν.
1562 1101 1591 1142 ιι.

144 1206 240 1260 quam
268 1206 285 1243 s
312 1206 389 1257 roge
417 1188 561 1243 ilenrico
590 1190 824 1261 episcopatum
852 1209 909 1261 psr
936 1191 1085 1261 cyrotbeos
1118 1189 1340 1245 tradicionem
1371 1189 1400 1242 iu
1469 1155 1529 1196 ω’

142 1285 280 1341 Gestaris.
300 1303 362 1355 qus
381 1304 417 1339 so
436 1292 583 1357 tempore
603 1305 658 1340 rex
678 1286 883 1355 morabatur.
907 1292 1126 1358 susceperat,
1146 1287 1179 1341 ab
1199 1285 1401 1356 archiepiscopo

142 1383 305 1453 leguntius
325 1382 442 1453 Wiigiso
460 1388 489 1438 et
507 1385 739 1453 suffraganeis
757 1385 828 1439 sitis
848 1385 968 1439 ibidem
997 1389 1076 1439 tunc
1102 1384 1324 1455 presentibus
1350 1381 1401 1436 do-

142 1482 270 1537 minice
301 1481 446 1537 secunde
483 1482 741 1553 quadragesime
774 1500 889 1537 munus
925 1483 1165 1537 consecracionis
1204 1480 1339 1550 accepit
1370 1484 1401 1533 st

144 1584 220 1651 post
240 1579 299 1633 boo
313 1578 484 1634 Pederborns
498 1580 637 1633 veniens
651 1579 817 1633 honorifice
836 1583 1015 1650 susceptus
1034 1583 1098 1637 est,
1112 1583 1145 1632 et
1159 1582 1282 1648 quanto
1296 1577 1403 1645 magis

143 1677 222 1746 regi
242 1676 425 1731 familiaris
439 1677 456 1742 ¹)
485 1677 623 1736 extitit.
642 1682 736 1731 tanto
755 1678 862 1746 msgis
881 1677 1029 1732 ecclesie
1048 1676 1297 1731 Puderfontsns
1316 1673 1401 1744 apud

143 1791 257 1843 rogem
277 1779 313 1827 et
341 1774 511 1844 principes
538 1775 631 1843 regni
661 1776 795 1844 profuit.
843 1776 1023 1844 Postquam
1052 1775 1158 1843 igitur
1187 1772 1593 1828 Pederbornevuteinmtt.

144 1876 303 1933 venerat.
331 1872 416 1925 tercie
443 1871 486 1924 dis
514 1871 648 1926 adventus
675 1872 716 1926 sui
745 1890 869 1933 nruros.
902 1873 958 1942 qui
987 1873 1018 1927 iu
1046 1872 1227 1942 principaii
1256 1870 1403 1924 occissis

144 1986 204 2041 por
222 1968 489 2041 predecessorem
510 1986 602 2023 suum
622 1969 793 2039 negligenter
811 1970 916 2024 erecti
942 1970 1093 2033 fuerant,
1123 1968 1161 2023 nd
1189 1968 1293 2022 solum
1323 1967 1402 2022 deiici

144 2067 231 2122 feeit
267 2070 299 2119 et
336 2066 512 2121 edificium
551 2066 659 2136 ipsius
695 2067 841 2121 ecclesis
870 2067 907 2120 de
940 2082 1023 2120 nove
1060 2066 1300 2121 munificentia
1337 2066 1401 2119 sin·

145 2163 257 2233 guisri
301 2163 426 2233 incepit
468 2169 500 2217 et
542 2163 572 2217 in
615 2168 736 2233 septem
779 2164 876 2218 annis
922 2163 1105 2232 magnifice
1144 2161 1401 2221 consummavit.

146 2264 193 2328 ita
226 2260 314 2343 quod
348 2260 496 2327 celeritas
530 2265 597 2325 ianr
633 2262 793 2340 magnifici
827 2261 935 2343 operis
974 2261 1257 2342 magnitudinem*
1288 2258 1402 2324 edificii

147 2373 208 2442 inl
236 2375 429 2441 miraculum
463 2376 494 2440 in
528 2376 606 2441 locis
630 2376 689 2441 iliis
723 2377 853 2442 exhibet
888 2376 1089 2441 intuentibus
1114 2376 1218 2458 ipsum
1243 2393 1346 2456 usque
1371 2373 1402 2437 in

146 2511 293 2576 presens.
341 2491 434 2557 Unde
457 2492 540 2556 sicut
564 2492 720 2574 tempium
746 2492 929 2557 Salomonis
962 2511 1000 2555 ex
1025 2491 1133 2574 operis
1157 2489 1402 2570 magnificencia

146 2613 181 2673 et
204 2606 456 2673 constructionis
493 2607 525 2670 in
558 2609 684 2688 septem
717 2607 811 2671 amns
835 2610 1061 2672 consummate
1088 2605 1252 2670 celeritate
1277 2605 1404 2668 intuen-

147 2723 237 2789 tibus
261 2722 367 2804 ipsum
391 2720 583 2786 miraculum
608 2723 722 2798 extitit,
747 2721 791 2786 sic
816 2725 845 2786 ei
872 2722 967 2785 imius
1001 2720 1116 2786 editicii
1146 2719 1405 2784 consummacio-

101 2838 200 2907 asnis
224 2837 373 2904 celeritas
406 2809 569 2903 rniuentes
602 2836 834 2918 magnitudinis
867 2841 898 2900 ct
933 2835 1129 2899 fortitudinis
1162 2834 1230 2898 rins
1264 2835 1404 2915 speciem

147 2973 215 3018 non
239 2952 403 3018 immerito
428 2952 503 3016 iacit
527 2951 705 3015 ammirari.
752 2950 816 3014 Sed
850 2950 933 3014 sicut
966 2950 1078 3014 celeris
1110 2949 1405 3013 consumnmcionis

148 3069 261 3153 templi
293 3067 477 3133 Salamonis
510 3066 613 3131 David
644 3066 790 3131 sollercia
823 3071 853 3129 et
889 3065 1047 3130 industria
1081 3066 1112 3128 in
1144 3064 1291 3145 piurimis
1314 3063 1405 3128 editi·

148 3184 273 3251 eacioni
308 3183 418 3265 tempii
452 3181 643 3247 necessariis
670 3181 861 3263 conquisitis
893 3202 993 3245 carisi
1018 3182 1157 3253 inerunt,
1192 3181 1236 3245 ita
1270 3199 1406 3244 renem·

149 3300 223 3365 bilis
261 3297 408 3363 libetarii
437 3297 579 3379 episcopi
612 3296 749 3378 provida
784 3296 814 3359 in
850 3296 1044 3378 opportunis
1075 3295 1136 3376 ipsi
1170 3294 1295 3359 editicio
1330 3312 1405 3376 pro·

151 3413 255 3479 visio⁰
290 3417 357 3477 tam
390 3411 531 3476 subitam
557 3411 658 3492 ipsius
683 3409 800 3474 editicii
825 3411 1143 3475 consummacionem
1168 3408 1318 3490 prestitit.
1367 3407 1403 3472 st

151 3530 231 3596 deut
264 3527 428 3610 sapiencia
461 3526 644 3590 Salernonis
680 3525 836 3607 templum
861 3525 979 3607 ipsum,
1004 3523 1090 3606 immi
1116 3525 1246 3597 fecemi,
1281 3525 1406 3588 cunctis

152 3644 280 3728 templis
313 3643 344 3707 in
378 3641 457 3706 orbe
490 3646 649 3705 terrarum
683 3639 797 3721 positis
831 3638 972 3721 pretulit,
1006 3639 1051 3702 sic
1085 3639 1276 3720 Meynwcrci
1310 3657 1406 3719 saga·

153 3760 230 3826 citas
272 3758 434 3824 editicium
484 3755 761 3821 paderburnensis
813 3755 946 3819 ecclesie
1000 3754 1145 3818 omnium
1198 3753 1405 3818 ecclesiarum

154 3874 284 3941 edificiis
317 3871 486 3939 Alemanie
522 3871 680 3936 inferioris
713 3875 790 3935 tirnc
819 3871 975 3952 temporis
999 3870 1171 3951 prefecisse
1195 3873 1405 3933 monstretur.

155 3984 381 4058 lleynnreus
408 3984 589 4055 episcopus
608 3988 782 4054 postquem
812 3983 959 4052 singulis
987 3982 1112 4052 oporibus
1141 3982 1332 4052 prepositos
1352 4000 1407 4052 pre
1424 3991 1600 4036 miletuna.

157 4084 367 4152 possit.cuur
387 4081 532 4136 ilenrico
552 4100 616 4150 rege
636 4099 754 4135 versus
774 4081 907 4135 ltaliam
927 4099 960 4133 se
980 4079 1106 4133 direxit
1155 4119 1160 4131 .
1218 4125 1222 4132 .
1280 4123 1284 4131 .
1343 4121 1347 4129 .
1402 4122 1407 4131 .

221 4302 237 4332 ⁸
256 4288 444 4359 mitudius
458 4308 510 4341 oua
524 4287 738 4356 magnitudinem
755 4290 897 4339 rcrleexeri
914 4285 1125 4349 Cass.iiiruclrl.
1164 4284 1178 4321 ¹·
1199 4288 1268 4337 demi
1288 4282 1408 4341 iumen.

158 4388 170 4415 θ
191 4379 298 4450 miso
316 4377 345 4431 i..

224 4576 244 4642 ¹)
268 4577 357 4642 serpe
380 4577 518 4629 meamne
543 4576 604 4633 rn,
625 4580 665 4626 :m
