3390 5160
687 369 720 378 -
756 336 808 391 213
847 366 878 375 -·

156 494 339 559 cardinales
363 494 486 558 dictum
510 493 680 557 dominnm
704 493 882 558 Iohannem
916 511 1038 573 papam
1071 495 1142 571 post
1177 490 1246 554 eius
1278 492 1406 569 turpem

157 608 268 687 lupam
303 607 344 672 de
377 608 583 682 Constancia,
616 627 674 689 ρον
707 627 804 687 qmmi
840 609 943 671 totam
973 604 1204 670 scandalizavit
1228 602 1406 678 ecclesiam,

157 722 339 786 illicenciali
385 741 443 803 per
476 721 661 784 huiusmodi
694 721 863 785 eoneilium
898 720 997 784 seeuti
1033 719 1161 782 luerunt
1200 722 1230 781 et
1264 736 1303 779 eo
1336 717 1407 798 ipso

156 836 368 902 reddiderunt
391 855 426 898 se
450 841 620 917 suspectos
645 836 853 899 veliementer
877 834 1022 916 predicto
1051 832 1197 907 coneilio,
1231 831 1319 912 quod
1352 850 1407 895 ex-

157 956 234 1017 tunc
258 970 323 1015 non
355 953 508 1032 poterunt
542 970 600 1014 nec
634 951 781 1032 possint·
818 949 939 1012 eisdem
954 946 968 982 ¹¹
995 947 1130 1011 correilio
1154 949 1186 1009 el
1209 944 1335 1009 actibus
1359 944 1407 1007 in-

157 1071 289 1131 teresse.
337 1064 463 1141 Quarta
489 1065 607 1129 veritas
643 1069 702 1137 est,
740 1063 839 1144 quod,
873 1081 946 1127 cuni
985 1062 1045 1142 ipsi
1078 1059 1201 1124 domini
1225 1057 1407 1122 cardinales

156 1180 207 1245 rel
232 1179 341 1261 plures
365 1197 478 1242 eorum
502 1179 565 1242 huc
589 1178 708 1241 reversi
733 1182 807 1258 post
828 1176 965 1240 eandem
991 1176 1098 1255 sugam
1125 1177 1156 1238 et
1180 1173 1283 1239 eciam
1308 1172 1407 1254 aliqui

156 1313 282 1368 contai,
306 1293 361 1374 qni
385 1291 436 1355 uie
461 1295 697 1361 remanserunt.
731 1291 858 1372 publice
891 1294 1110 1362 asseruerunt,
1144 1287 1232 1368 quod
1266 1306 1325 1368 per
1356 1305 1407 1349 rc·

156 1426 284 1472 cessum
309 1406 386 1469 dieti
409 1406 531 1470 doriiiui
557 1406 710 1470 lobannis
733 1427 753 1469 a
778 1405 974 1468 Constancia
998 1403 1192 1466 dissolutum
1216 1401 1310 1465 suerit
1329 1420 1407 1463 con·

156 1521 264 1586 cilium
291 1520 482 1602 predictum,
516 1520 560 1585 ita
585 1519 673 1600 quod
698 1523 815 1583 extimo
839 1538 904 1581 non
936 1518 1030 1582 luerit
1053 1516 1222 1581 coneilinm
1247 1514 1304 1578 sed
1329 1534 1406 1578 con·

156 1633 354 1709 ettenorum,
384 1633 535 1698 videnlur
558 1634 734 1698 enormiter
757 1652 882 1697 errasse
906 1638 936 1695 et
963 1631 1043 1696 intra
1069 1637 1099 1694 et
1124 1650 1182 1713 per
1205 1648 1407 1709 consequens

157 1748 218 1833 ipsi
241 1749 287 1811 sic
311 1748 455 1811 dicentes
479 1768 514 1811 se
538 1749 628 1830 ipsos
652 1748 854 1812 excluserunt
880 1768 899 1810 a
924 1748 1057 1810 νονντίΙίο
1092 1749 1123 1809 el
1156 1745 1282 1808 actibus·
1314 1746 1406 1807 anle-

156 1864 250 1928 dictis
284 1868 316 1927 et
349 1863 473 1927 celeria.
530 1864 651 1940 Quinta
691 1863 809 1927 veritas
842 1867 901 1937 est,
930 1862 1018 1943 quod
1043 1861 1183 1933 interim,
1218 1858 1306 1939 ‹qiiod
1340 1877 1405 1919 non

156 1978 397 2043 revocabuntur
430 1976 479 2040 vel
503 1976 744 2059 suspendentur
774 1981 953 2059 potestates
987 1975 1113 2056 papalis
1145 1979 1177 2036 et
1212 1972 1405 2050 dignitatum

156 2096 189 2156 et
220 2096 339 2167 cetera,
373 2111 540 2172 nunquam
575 2091 694 2172 poterit
736 2091 869 2155 ecclesia
906 2089 1074 2154 reformari
1107 2089 1139 2150 in
1172 2087 1278 2166 eapite
1310 2090 1343 2149 et
1376 2086 1406 2147 in

156 2206 311 2269 membris
347 2225 406 2287 per
437 2224 665 2287 quemcunque
695 2206 797 2270 eciam
827 2205 1027 2283 ingeniosum
1067 2203 1116 2265 vel
1149 2205 1313 2283 potentem
1348 2219 1407 2263 nee

156 2340 215 2403 per
247 2321 353 2403 ipsum
387 2320 568 2394 emeliam,
602 2320 757 2401 quoniam
791 2321 859 2401 ipse
892 2319 1044 2382 dominns
1081 2315 1242 2380 lohannes
1266 2314 1407 2377 im'eniel

155 2453 286 2516 semper
309 2434 368 2496 sibi
394 2434 540 2499 tacentes
562 2440 595 2498 et
618 2438 778 2515 potentes,
814 2438 849 2497 ut
873 2434 922 2498 lae
946 2438 1074 2511 sugam,
1099 2430 1130 2494 id
1155 2435 1204 2493 est
1227 2448 1343 2493 aunnu
1367 2428 1407 2491 de

158 2549 239 2631 ipso,
274 2548 480 2629 invenietque
504 2567 633 2630 semper
657 2553 821 2629 emptores
844 2548 1039 2628 dignitatum
1064 2546 1096 2608 in
1121 2544 1215 2626 eopia
1239 2548 1271 2607 et
1295 2542 1337 2605 al)
1361 2542 1407 2607 eis

155 2663 290 2728 habebit
313 2682 428 2728 aurum
454 2665 593 2745 copiose.

262 2776 414 2842 Secunda
438 2778 489 2841 die
513 2777 634 2841 mensis
666 2776 741 2841 lllaii
755 2775 777 2858 ¹)
811 2776 940 2840 decreta
974 2776 1033 2839 suit
1067 2774 1183 2839 citacio
1218 2793 1275 2854 per
1298 2772 1505 2836 conci-ueri.

101 2895 233 2990 ffilium
262 2897 375 2958 contra
407 2892 587 2956 loliannem
617 2911 750 2974 papam,
784 2897 816 2955 et
849 2892 1010 2956 citabatur
1041 2863 1100 2973 ρον
1124 2888 1265 2951 edietum
1290 2886 1331 2950 ad
1356 2905 1406 2949 re·

153 3010 382 3093 spondendum
407 3008 501 3071 certis
525 3006 701 3083 arlieulis¹l
735 3006 767 3069 in
792 3006 900 3081 fiuent,
930 3006 1018 3088 quod
1043 3005 1262 3086 deponeretur
1294 3026 1313 3067 a
1346 3021 1406 3083 pa·

156 3131 244 3208 putu.
291 3123 353 3201 Qui
378 3121 509 3204 quidem
534 3119 659 3185 articuli
685 3120 767 3184 inter
790 3125 897 3184 cetera
931 3120 961 3183 in
996 3142 1030 3182 se
1063 3118 1283 3192 continebant,
1316 3114 1404 3198 quod

156 3240 225 3321 ipse
250 3257 308 3320 per
336 3237 542 3319 syrrioniaeas
566 3234 820 3300 meditaciones¹·
843 3235 1010 3316 copiosum
1035 3234 1225 3298 thesaurum
1259 3231 1318 3294 sibi
1351 3250 1405 3295 ae·

155 3353 288 3436 quisivit
325 3356 358 3416 et
394 3370 452 3432 per
488 3350 669 3434 symoniam
703 3350 745 3414 ad
787 3349 1023 3414 cardinalatum
1035 3346 1050 3387 ‘¹
1080 3350 1248 3430 promotus
1290 3344 1405 3419 lireril;

156 3469 189 3532 iu
227 3470 363 3530 mortem
404 3465 579 3529 Alexandri
615 3474 724 3546 ροροο
755 3464 992 3546 predecessoris
1031 3457 1259 3527 maeliinatuss
1283 3459 1406 3523 tueritt

157 3582 245 3646 illum
271 3586 303 3643 et
327 3581 486 3644 melicum
512 3581 580 3643 eius
610 3599 735 3644 veneno
769 3579 936 3643 intoxieari
970 3576 1184 3660 procurando.
1233 3574 1406 3649 lienem-ia,

156 3696 274 3771 otticia,
298 3695 472 3773 dignitates
483 3692 498 3732 ¹¹
520 3700 548 3757 et
576 3689 775 3775 prelaturasi
797 3694 868 3775 plns
891 3692 1102 3756 offerentibus
1135 3691 1165 3753 in
1196 3691 1305 3772 pree-io
1329 3708 1406 3752 ven-

156 3810 237 3873 didit
262 3813 295 3873 et
318 3808 486 3890 presertim
512 3828 567 3872 sex
591 3807 810 3889 parrochiales
834 3807 984 3873 ecelesias
1007 3807 1096 3888 puris
1115 3805 1205 3869 laicis
1225 3801 1368 3868 remlidit
1378 3797 1405 3879 ¹¹,

246 3991 261 4018 ⁸
282 3986 389 4047 pos-erit
420 3977 480 4030 l’ar.
559 3975 573 4013 ¹·
593 3977 678 4029 eidem
708 3975 768 4029 Par.
836 3988 848 4011 ν
872 3975 942 4044 quod
978 4004 998 4009 -
1023 3973 1215 4027 modiin-iones
1243 3975 1313 4025 iteret
1341 3971 1406 4027 l’ad.

155 4068 171 4108 «Ι
191 4064 369 4121 rennuitae]
401 4065 473 4118 l'ml..
547 4080 559 4099 ¹·
582 4083 651 4134 papa
680 4064 708 4118 11.
736 4063 795 4117 Por.
876 4066 883 4102 ¹
913 4062 1119 4115 manicaehatue
1137 4060 1165 4114 11.
1239 4061 1326 4115 aluit
1345 4059 1405 4114 l‘ar.

156 4155 336 4215 hdiirnitatia
355 4154 419 4208 l'ad.
476 4153 653 4222 ipturatnm
672 4153 736 4206 l'ad.
792 4150 855 4204 ¹‘et
925 4150 1046 4204 vendidit
1064 4153 1134 4202 ‹leeet
1159 4148 1281 4213 (Druck).

156 4258 313 4268 --———-

249 4300 266 4356 'l
290 4303 319 4352 ln
340 4302 388 4349 der
408 4300 536 4347 mutumne»
558 4299 730 4361 olipa-incinere
752 4300 871 4360 Nilznnq.
894 4324 911 4330 -·
955 4292 975 4357 ¹⁷)
998 4296 1027 4347 In
1047 4296 1097 4344 dri·
1115 4296 1222 4345 (Intimilii
1241 4310 1405 4359 erpunpenen

160 4392 276 4441 (filatum
296 4390 359 4436 anni
378 4390 420 4435 die
448 4387 577 4451 l'erpelnm
599 4402 652 4435 ντννν·
673 4389 706 4433 ine
727 4385 900 4447 ‹illue-nietam
921 4384 1083 4447 ‹eripite-met.
1124 4381 1407 4437 1›t‹·.-trrtl·et.ocetetee

159 4477 304 4529 Grhelinna
333 4479 367 4524 im
400 4476 549 4538 helpe-oulen
579 4474 701 4535 raesulem,
728 4474 791 4520 siud
818 4471 867 4520 alen
899 4475 932 4520 72
957 4471 1195 4535 Anthemium-ein
1233 4478 1406 4529 calumniam,

157 4564 252 4615 welche
270 4566 319 4613 etei·
341 4567 455 4611 t'itntiam
477 4579 523 4609 ron
546 4562 603 4611 ,llas
625 4565 656 4611 te·
678 4560 827 4623 cingiehae'inpt
853 4560 924 4609 aiud.
979 4559 1065 4625 l'eryl.
1085 4576 1106 4610 r.
1126 4559 1152 4609 d.
1175 4558 1265 4609 llnrdt
1284 4573 1309 4607 u.
1329 4573 1354 4605 a.
1376 4558 1405 4605 0.

157 4658 175 4703 t.
197 4653 211 4703 Ι
217 4652 239 4701 l'
257 4656 284 4702 Η.
303 4657 359 4702 lilii.
399 4652 490 4701 ,llema'
509 4665 534 4699 a.
554 4665 579 4698 u.
601 4654 631 4700 0.
652 4648 770 4701 XXVI!
787 4650 815 4699 S.
831 4652 889 4698 otia.
