3352 5166
764 328 937 384 „55-

334 487 395 552 Hic
417 486 557 552 Karolus
579 506 640 569 pro
663 485 812 554 libertate
836 486 1056 552 ecclesiastica
1075 487 1190 551 contra
1213 484 1368 553 dominos
1400 490 1485 553 tem·

228 604 358 685 porales
389 603 483 685 plura
515 605 640 666 statuta
672 601 772 666 edidit
804 606 836 667 et
868 601 1091 667 ecclesiasticis
1123 601 1273 685 personis
1315 600 1487 684 privilegia

120 719 122 724 '
228 718 387 783 libertatis
426 717 602 800 ampliavit.
659 716 743 782 Nam
782 721 959 801 postquam
996 721 1121 783 statuta
1157 717 1329 794 laicorum,
1367 720 1488 785 contra

28 838 215 894 (munem-l
231 834 483 901 ecclesiasticam
505 833 690 898 libertatem
715 833 812 911 edita,
836 833 986 911 irritavit,
1019 832 1148 909 adiecit,
1181 832 1272 916 quod
1294 833 1488 916 quicunque

232 949 341 1026 laicus,
375 949 596 1032 cuiuscunque
630 952 736 1013 status
768 952 852 1014 autt
880 949 1081 1015 condicionis
1113 948 1241 1028 existat,
1274 969 1358 1015 ausu
1383 947 1487 1015 sacri-

229 1067 301 1147 lego
325 1063 382 1132 etb
401 1065 532 1148 proprie
561 1035 753 1130 temeiitatis
776 1065 916 1130 audacia
939 1065 1144 1130 sacerdotem
1168 1065 1220 1131 vel
1243 1064 1398 1131 clericum
1433 1086 1488 1131 se-
1511 1076 1559 1117 ²³⁸

229 1182 371 1277 cularem
410 1185 468 1246 aut
499 1181 684 1260 religiosum
731 1179 937 1257 diffidaverit,
983 1180 1219 1263 proscripserit,
1255 1180 1488 1264 captivaverit,

229 1296 426 1379 spoliaverit,
459 1296 623 1374 occiderit,
655 1295 854 1360 mutilaverit
889 1300 947 1360 aut
978 1295 1012 1360 in
1047 1315 1177 1362 carcere
1209 1296 1398 1375 detinuerit,
1428 1301 1489 1362 aut

229 1411 416 1476 huiusmodi
440 1411 601 1477 maleficia
624 1415 852 1494 perpetrantes
887 1412 1027 1477 scienter
1054 1413 1271 1494 receptaverit
1301 1411 1355 1478 vel
1392 1413 1490 1478 savo-

230 1548 299 1594 rem
322 1528 368 1592 eis
391 1528 578 1610 prostiterit,
603 1547 641 1592 eo
665 1529 736 1611 ipso
760 1529 802 1592 sit
830 1528 959 1593 infamis
991 1532 1024 1593 et
1056 1527 1144 1592 omni
1178 1527 1304 1593 honore
1335 1528 1491 1611 privatus

230 1663 289 1709 nec
327 1643 369 1706 ad
406 1643 525 1726 placita
567 1647 625 1709 aut
668 1642 710 1709 ad
754 1644 912 1709 conciliae
964 1643 1123 1708 nobilium
1164 1643 1360 1710 admittatur
1403 1663 1491 1727 quo-

230 1759 278 1821 vis
309 1757 407 1822 modo
421 1760 454 1835 ¹).

124 1884 203 1934 (¹³²⁶.)
338 1873 477 1938 Karolus
501 1891 588 1937 anno
611 1873 702 1953 regni
724 1873 774 1937 sui
790 1874 952 1939 tricesimo
970 1874 1070 1938 tercio
1086 1874 1189 1939 tilium
1204 1894 1300 1939 suum
1312 1874 1490 1941 Wentzes·

232 1984 347 2054 laumd
377 1987 466 2070 apud
485 1987 640 2053 electores
663 1988 828 2070 promovit
851 1989 893 2054 ad
917 2008 1053 2070 regnum
1067 1988 1102 2073 2).

338 2101 528 2169 Baldwinus
565 2103 737 2186 episcopus
769 2103 1049 2169 Paderburnensis
1081 2104 1194 2187 primis
1234 2104 1331 2170 huius
1373 2104 1491 2171 Karoli

232 2220 434 2302 temporibus
457 2219 540 2285 rexit
563 2218 733 2284 ecclesiam
755 2218 1060 2284 Paderbumensem
1073 2219 1110 2304 ⁸).
1162 2218 1223 2284 Hic
1249 2220 1310 2284 tuit
1343 2219 1489 2286 multum

231 2335 398 2416 graciosus
422 2338 454 2401 ot
478 2334 616 2400 affabilis
629 2344 652 2396 ⁰.
700 2334 799 2400 Plura
822 2339 930 2399 castra
953 2335 1087 2400 ecclesie
1119 2335 1301 2418 acquisivit,
1334 2335 1490 2402 inimicos

232 2471 309 2516 suos
332 2451 457 2516 fortiter
480 2449 664 2515 debellavit.
711 2451 802 2515 Diem
828 2451 1053 2533 concepcionis
1070 2451 1166 2516 beate
1188 2449 1291 2517 Mario
1313 2452 1490 2538 virginis1)

232 2587 291 2650 per
327 2566 492 2631 civitatem
530 2567 560 2630 et
592 2565 746 2629 diocesim
775 2565 1080 2631 Paderbumensem
1111 2569 1281 2648 tamquam
1315 2586 1490 2633 summum

232 2682 350 2747 testum
375 2681 530 2745 celebrari
554 2680 692 2744 instituit
717 2684 749 2745 et
773 2681 985 2745 existentibus
1018 2702 1056 2746 eo
1081 2681 1132 2746 die
1162 2682 1194 2746 in
1229 2681 1346 2747 divinis
1369 2683 1490 2748 officiis

233 2796 398 2862 canonicis
423 2800 455 2861 et
479 2795 550 2861 aliis
574 2796 605 2859 in
630 2795 701 2877 ipsa
726 2795 860 2860 ecclesia
876 2795 1140 2861 Paderbumensi
1153 2796 1356 2862 beneficiatis
1375 2796 1490 2862 distri·

233 2911 406 2976 bucionem
445 2910 667 2993 pecuniariam
706 2910 775 2974 dari
805 2910 975 2993 disposuit.
1031 2911 1070 2975 Et
1103 2911 1236 2977 tandem
1274 2911 1420 2994 podagre
1455 2917 1491 2979 et

233 3026 382 3108 paralisis
430 3029 566 3090 vexatus
613 3025 828 3090 incommodis
875 3027 1053 3108 assumpsit
1100 3026 1269 3090 dominum
1306 3025 1490 3092 Henricunr

234 3138 374 3224 spegets
397 3140 551 3206 abbatem
575 3140 765 3205 monasterii
789 3139 974 3208 Corbiensis
998 3141 1058 3204 sibi
1084 3140 1277 3206 adiutorem.
1311 3140 1350 3205 Et
1364 3140 1491 3209 deinde

234 3256 336 3323 altare
360 3254 526 3338 quoddam
551 3254 700 3319 fundavit
728 3256 760 3319 in
789 3255 897 3320 medio
922 3254 1054 3321 ecclesie
1086 3255 1369 3321 Paderbumensis
1402 3256 1492 3324 duas

236 3371 371 3437 vicarias
396 3370 501 3435 eidem
525 3369 742 3447 annectendo,
759 3380 925 3451 quarum&
949 3371 1045 3435 unius
1061 3369 1201 3435 vicarius
1215 3370 1334 3436 cotidie
1349 3371 1491 3439 missam

235 3487 267 3550 in
291 3489 365 3550 ortu
388 3484 452 3549 diei
476 3483 667 3562 celebraret,
692 3489 724 3549 et
747 3485 881 3549 alterius
906 3485 1024 3550 vicarie
1048 3485 1188 3549 vicarius
1211 3486 1295 3549 intra
1317 3504 1491 3553 summam

234 3600 368 3665 missam
402 3599 493 3664 chori
527 3599 659 3663 missam
693 3599 826 3680 singulis
858 3600 973 3665 diebus
1005 3600 1135 3680 legeret.
1182 3600 1248 3665 Sed
1280 3599 1358 3682 quia
1380 3600 1490 3667 altare

234 3711 341 3782 illudh
375 3714 519 3778 medium
552 3713 684 3779 ecclesie
717 3733 877 3796 occupare
910 3715 1018 3779 minus
1041 3714 1195 3780 decenter
1217 3715 1323 3778 visum
1346 3718 1408 3793 est,
1446 3736 1490 3781 eo

235 3830 346 3895 ablato
386 3847 452 3893 non
494 3828 588 3908 longe
621 3833 695 3910 post
738 3833 877 3893 mortem
911 3830 980 3895 eius
1003 3829 1123 3894 vicarie
1155 3829 1199 3894 ad
1231 3829 1336 3894 altare
1372 3835 1491 3898 sancte

325 4056 340 4084 ἢ
360 4045 522 4096 certiornec
542 4045 747 4097 durcbatriclren
767 4044 831 4098 Pad.
923 4043 938 4082 b
959 4045 1002 4099 vel
1022 4043 1088 4100 Pal.
1111 4043 1140 4098 la.
1232 4054 1245 4083 e
1267 4043 1380 4099 concilio
1409 4044 1489 4103 Clas.

234 4132 348 4189 consilia
366 4131 426 4186 Par.
500 4129 516 4171 ¹¹
536 4131 724 4185 Wentzelaum
743 4132 800 4186 Pad
882 4145 895 4175 θ
917 4133 1035 4188 effabilia
1053 4131 1119 4188 Pad.
1188 4128 1201 4172 f
1225 4131 1350 4203 Spoglrol,
1369 4136 1488 4203 dopepeu

236 4225 320 4289 einipc
339 4222 429 4274 Zeilcn
449 4226 542 4287 apdter
559 4219 657 4290 Spogel
677 4219 752 4274 Casa.
825 4232 841 4273 ε
861 4238 973 4291 quorum
992 4219 1049 4274 Pad
1132 4217 1147 4261 ¹¹
1168 4218 1240 4274 istud
1260 4219 1324 4275 Pad.

326 4394 345 4461 ¹}
367 4394 469 4461 Huber,
487 4391 555 4460 stag.
577 4385 683 4461 lmporll
703 4390 749 4445 IV.
770 4395 820 4446 Nr.
841 4398 919 4447 :ludet
950 4425 980 4433 -
1011 4391 1031 4461 ¹)
1052 4396 1104 4447 Dia
1127 4394 1207 4446 ll'alrl
1224 4394 1296 4459 fami
1324 4396 1351 4445 in
1376 4395 1489 4449 Frank.

234 4483 294 4547 furt
316 4486 384 4535 1376
410 4483 480 4533 Juni
504 4486 533 4534 ltl
551 4489 622 4533 atati.
662 4481 689 4532 S.
721 4482 769 4533 Tlr.
801 4483 930 4547 Liudner,
961 4484 1012 4535 Dic
1040 4483 1120 4534 tl'olrl
1145 4482 1263 4534 ll'enzcls
1291 4498 1338 4534 ron
1367 4483 1489 4537 demen

234 4587 296 4623 zum
317 4571 465 4625 romicrten
485 4570 596 4637 Kdnipe.
646 4571 755 4623 i'oraclv.
783 4588 806 4624 a.
835 4573 860 4623 d.
883 4572 975 4623 (lreclr.
998 4572 1070 4623 xlv
1093 4570 1120 4623 S.
1140 4573 1200 4623 251.
1230 4602 1262 4609 -
1301 4566 1397 4637 ⁸)Sea
1418 4575 1487 4629 1341

239 4659 352 4726 Birthas
368 4660 490 4721 (Gonia).
514 4690 541 4697 --
564 4658 584 4721 ⁴)
598 4663 622 4709 a.
646 4658 793 4711 raumara
