3390 5160
744 356 775 364 -
816 323 867 381 190
906 355 937 364 -·

249 401 317 458 Rec.
339 402 373 458 B.

214 504 358 566 nonnulli
387 504 488 584 partis
511 504 648 566 adverse
672 504 834 567 Errorium
851 503 873 586 ¹)
903 503 1080 567 mallebant
1103 501 1281 584 appellare,
1304 503 1367 565 sub
1391 523 1461 584 pro·

215 617 355 680 tectione
380 617 487 680 Karoli
512 617 553 679 dc
577 618 747 682 Malatesta
773 617 955 681 Ariminum
980 637 1015 680 se
1039 617 1190 691 contulit,
1211 621 1244 680 et
1262 616 1463 685 Benedictus

214 752 232 794 a
259 731 455 811 quibusdam
481 732 707 795 execrantibus
732 752 805 795 enm
831 732 1021 795 Maledictus
1045 731 1239 812 appellatus,
1263 730 1306 796 ad
1335 751 1465 810 regnum

215 845 395 924 Arragonie
420 866 455 908 sc
479 846 646 926 recepit2').
693 845 817 910 Deinde
841 845 1003 909 lohannes
1032 865 1120 928 papa
1144 865 1218 909 cum
1255 864 1332 926 rege
1365 844 1467 909 Sicilie

215 962 289 1039 post
311 958 502 1039 gravissima
527 959 671 1041 dampna
696 960 756 1022 sub
781 960 876 1023 certis
904 960 1019 1041 pactis
1053 979 1118 1022 non
1148 960 1257 1040 parvis
1290 959 1467 1040 dispendiis

214 1074 369 1148 onerosis,
394 1072 612 1138 concordatus
624 1077 658 1150 ³),
683 1074 723 1138 ad
750 1075 862 1136 urbem
888 1073 1072 1138 Romanam
1098 1093 1133 1136 se
1157 1073 1328 1137 conterens
1362 1072 1463 1137 Bono

214 1187 341 1250 nienses
366 1188 425 1250 sibi
450 1188 549 1250 sensit
574 1208 644 1251 esse
668 1188 803 1252 rebelles
817 1188 850 1270 ⁸).
893 1188 1067 1265 Gregorius
1090 1193 1201 1251 autem
1226 1187 1268 1250 ad
1296 1189 1468 1268 protectio·

214 1321 288 1364 nem
314 1302 396 1380 regis
420 1303 554 1382 predicti
579 1303 766 1381 confugiens
790 1303 832 1366 ad
857 1303 1020 1366 civitatem
1046 1303 1250 1378 Gaietanam,
1284 1303 1381 1383 quasi
1415 1324 1469 1384 per

214 1419 344 1478 centum
370 1416 507 1479 miliaria
532 1417 684 1481 Romana
708 1418 750 1481 ab
778 1417 864 1479 Urbe
888 1417 1077 1493 distantem,
1102 1437 1137 1481 sc.
1169 1417 1307 1480 contulit
1341 1422 1374 1481 et
1399 1418 1468 1499 plus

214 1549 302 1592 auno
327 1530 469 1593 residens
494 1531 524 1592 in
549 1531 664 1595 eadem
691 1530 823 1593 taudem
842 1531 1023 1594 Ariminum
1040 1535 1090 1593 cst
1109 1550 1258 1595 reversus
1271 1532 1307 1611 ὓ).
1343 1531 1467 1595 luterea

214 1643 376 1707 lohannes
419 1664 504 1725 papa
538 1644 708 1708 concilium
743 1645 893 1721 generale
933 1645 963 1708 iu
999 1644 1085 1708 Urbe
1117 1644 1283 1709 celebrare
1315 1645 1468 1719 decrerit,

213 1759 301 1841 quod
313 1773 328 1797 ¹⁸
364 1758 548 1823 Alexander
593 1759 802 1840 predecessor
844 1761 912 1824 cius
954 1760 985 1823 in
1027 1760 1127 1824 tercio
1160 1780 1248 1824 anno
1281 1765 1357 1842 post
1394 1780 1469 1824 con-

215 1873 320 1937 cilium
347 1873 500 1937 Pisanum
526 1875 749 1954 supradictum
775 1874 964 1938 decreverat
988 1873 1220 1938 celebrandum
1233 1872 1269 1956 ὅ).
1313 1874 1380 1937 Sed
1400 1895 1469 1956 pre·

215 1987 288 2050 latis
326 2007 390 2050 non
424 1988 628 2051 venientibus
661 1989 692 2050 in
718 1989 822 2070 copia,
857 2008 955 2069 quam
990 2008 1096 2051 rerum
1131 1988 1288 2068 poscebat
1315 1990 1469 2067 gracilae.

215 2101 290 2164 illud
316 2102 485 2165 concilium
512 2122 575 2164 non
601 2103 802 2165 sorciebatur
830 2104 990 2166 ellectum.
1037 2103 1186 2183 Cumque
1219 2103 1288 2165 istis
1316 2104 1469 2183 tempori·

215 2215 275 2278 bus
298 2235 533 2297 nonnunquam
560 2217 650 2279 litere
674 2217 861 2297 apostolice,
901 2217 931 2279 in
956 2216 1073 2298 quibus
1097 2215 1138 2278 de
1163 2215 1306 2283 Urbano.
1341 2218 1469 2280 Bonita-

217 2330 277 2404 cio,
303 2330 505 2405 luuocenci0,
540 2330 706 2409 Gregorio,
739 2331 907 2394 Clemente
940 2330 989 2393 vel
1024 2330 1200 2393 Benedicta
1232 2349 1292 2411 per
1324 2336 1470 2412 tempora

216 2445 376 2506 scismatis
398 2445 551 2525 preterita
571 2464 669 2525 super
689 2449 812 2525 papatu
825 2441 839 2479 ¹’
859 2444 1130 2508 contendentibus
1149 2443 1347 2525 supradictis
1368 2444 1469 2508 inierat

216 2558 342 2620 mencio
371 2531 528 2633 iacienda,
549 2557 694 2641 [lucrant
718 2556 973 2641 expediende'l‘,
1000 2562 1159 2621 statutum
1194 2558 1263 2633 luit,
1298 2563 1333 2621 ut
1367 2558 1529 2643 nullus,m

218 2691 329 2734 eorum
352 2672 382 2734 in
403 2672 496 2734 dictis
513 2672 611 2735 literis
636 2692 721 2753 papa
737 2672 934 2753 simpliciter,
951 2671 1007 2735 sed
1023 2691 1095 2736 cuin
1116 2671 1180 2736 hac
1193 2671 1469 2736 determinacione

144 2817 202 2856 rire.
218 2787 259 2863 ,in
278 2806 336 2850 sna
354 2785 552 2851 obediencia‘
570 2787 801 2850 nominaretur.
842 2787 938 2850 Auno
955 2787 1077 2849 domini
1101 2787 1184 2850 1413
1202 2786 1366 2850 lohannes
1384 2807 1468 2869 prpe

216 2905 247 2964 et
272 2920 326 2963 rex
350 2899 457 2963 Sicilie
482 2901 671 2965 Laodislaus
694 2901 818 2979 guerris
843 2901 967 2966 iteratis
977 2898 991 2938 ⁴¹
1014 2905 1127 2964 mutuo
1147 2921 1183 2963 sc
1210 2902 1420 2969 conturbant.
1439 2906 1468 2964 et

218 3036 272 3078 rex
290 3035 409 3093 magno
433 3016 574 3078 contlato
598 3016 739 3077 exercitu
765 3034 877 3077 versus
903 3015 1022 3078 Urbem
1047 3034 1082 3077 se
1097 3014 1215 3095 dirigit,
1230 3019 1263 3079 ct
1279 3020 1376 3078 nocte
1389 3035 1469 3097 qua·

87 3150 203 3201 inuiis.)
219 3129 295 3192 darn
321 3129 441 3191 iriensis
467 3129 545 3190 lunii
571 3149 664 3191 muro
688 3129 796 3190 ‹lirrilo
825 3128 945 3191 Urbem
972 3132 1121 3209 potenter
1154 3128 1298 3192 intrabat
1313 3131 1348 3211 ἶ),
1381 3129 1469 3211 quod

218 3263 303 3324 papa
328 3243 556 3323 persencicns⁰
580 3262 652 3304 cum
678 3242 840 3304 nonrmllis
864 3242 1035 3306 curlizauis
1056 3242 1133 3320 fugit
1153 3241 1196 3306 ab
1217 3240 1305 3306 Urbe
1327 3247 1358 3305 et
1380 3243 1470 3306 multi

307 3434 321 3462 A
342 3426 413 3474 decet
441 3420 505 3475 Pad.
585 3419 600 3459 l‘
620 3426 747 3491 papulum
777 3421 803 3473 ῐι.
834 3422 899 3475 Ped.
967 3435 980 3461 ⁰
1006 3428 1124 3490 erederet.
1197 3420 1334 3477 diterato
1358 3421 1387 3476 L.
1407 3421 1470 3476 rau

218 3522 231 3550 ⁰
271 3528 322 3563 uon
343 3510 529 3580 praesentiens
553 3509 673 3573 (Druck).

291 3675 309 3739 ¹)
329 3679 364 3723 Sa
383 3683 446 3725 aicta
468 3676 586 3727 ltu-truh
609 3693 629 3726 r.
651 3677 684 3727 Ν.
706 3679 739 3725 im
760 3678 859 3726 dritten
883 3676 972 3727 nicene
991 3673 1030 3727 Dc
1048 3674 1184 3728 munau.
1200 3703 1232 3712 ·-
1255 3671 1275 3737 'l
1296 3676 1472 3742 GregorXH

216 3763 297 3813 druch
321 3767 387 3814 irim
405 3764 467 3813 ,ndi
489 3767 519 3814 ll
541 3782 586 3813 run
611 3764 697 3813 Lurcu
718 3766 771 3827 circs
788 3766 843 3814 rrrrd
862 3765 941 3830 lupuli
968 3765 1023 3814 airlr
1054 3764 1118 3815 iiber
1146 3767 1237 3828 Stena,
1266 3780 1306 3815 un
1333 3781 1364 3815 er
1386 3766 1470 3830 eiut'ye

218 3853 275 3903 Zeu
303 3851 377 3911 tillet,
407 3852 473 3900 nacti
505 3853 617 3902 ltimr'm'.
667 3853 751 3917 l'rryl.
786 3851 899 3903 (ironica
922 3850 949 3903 (ll
975 3850 1063 3904 liticen
1085 3851 1127 3902 bel
1154 3849 1285 3904 Mentori
1314 3848 1346 3905 R.
1377 3850 1395 3908 l.
1424 3849 1468 3906 ἒ.

217 3938 306 3991 XVlll
327 3943 353 3991 S.
374 3944 433 3989 llll-'t
466 3967 493 3973 -
536 3938 554 4002 ³⁸)
578 3941 627 3990 ln'e
647 3941 827 4005 alrraaiilinunp
846 3942 906 3990 lum
928 3944 995 3991 mr
1023 3940 1081 3991 (ilc.
1103 3944 1136 3991 ro·
1158 3957 1193 3991 :u
1212 3940 1317 3992 dando.
1349 3936 1468 3992 Glomll

216 4026 375 4094 Napoletaui
395 4027 436 4076 lm·
455 4025 926 4080 nutantiR.l.nu.xx1s.1‹u.··›.
954 4058 957 4062 ·
990 4028 1009 4090 ⁴)
1033 4018 1103 4079 lber
1121 4029 1171 4079 den
1186 4027 1325 4093 Auserem,
1344 4028 1469 4079 der-bold

216 4117 283 4166 nacti
304 4117 350 4164 dra
371 4117 480 4180 l'upates
503 4116 612 4167 illircisc
631 4120 713 4168 (illl
732 4117 810 4167 lide.-
827 4122 875 4171 :ni
896 4134 942 4166 ron
965 4117 1084 4181 Iiulopnu
1104 4115 1237 4179 inclamet,
1255 4117 1338 4182 rerpl.
1357 4114 1469 4169 (iulet

216 4204 242 4256 di
264 4202 382 4269 llologua
401 4203 441 4252 lm·
461 4201 589 4255 Muratori
610 4223 633 4256 a.
654 4223 678 4255 a.
702 4210 732 4255 tl.
752 4206 857 4256 A'l'lll
876 4206 904 4256 S.
926 4211 984 4255 ticin.
1008 4233 1035 4239 --
1058 4201 1078 4266 ⁵)
1099 4204 1204 4270 Iasolpe
1222 4204 1273 4255 der
1296 4204 1468 4271 l'mttbmy

215 4293 362 4343 Jnlrcrimea'
384 4292 489 4343 Xt'lll
517 4295 563 4340 urit
587 4293 734 4343 Iarrlialnns
762 4295 852 4343 »irride
882 4299 986 4357 (lrupor
1006 4294 1066 4344 ‘l'll
1090 4297 1174 4343 (loeta
1202 4291 1348 4346 reticem.
1382 4292 1465 4358 l'emt.

219 4380 340 4433 llietriclr
371 4398 390 4429 c.
415 4379 541 4437 A'iclrcim,
572 4377 635 4432 l'lte
665 4379 770 4432 loannis
800 4379 889 4432 xxlll
910 4399 935 4434 a.
955 4398 980 4432 u.
1002 4382 1031 4432 ll.
1050 4382 1078 4432 S.
1098 4384 1140 4431 27.
1182 4409 1212 4417 -
1250 4376 1366 4445 Uul?
1379 4378 1464 4447 April.

223 4471 309 4535 l'erpl.
336 4469 369 4518 ll.
392 4469 563 4530 sinrmiascld,
603 4470 748 4520 ,lanterna
781 4487 832 4519 :nr
861 4471 953 4534 limu-
975 4486 999 4518 u.
1026 4466 1319 4534 Konzilienpmbicbte
1347 4469 1365 4519 i.
1383 4470 1422 4520 Ν.
1439 4482 1465 4517 ι.

218 4563 258 4612 ta.
278 4557 376 4610 Julrrlr.
406 4561 433 4604 Ν.
457 4558 526 4618 1711,
571 4585 595 4591 -
640 4553 656 4618 ²)
694 4559 778 4622 l'cryl.
815 4555 934 4609 Uirrium
959 4554 1107 4608 Romulum
1129 4555 1170 4607 oa·
1190 4550 1461 4608 limitum

216 4644 306 4700 xxiv
326 4648 353 4697 s.
378 4646 452 4696 1035.
