3390 5160
682 325 712 334 -
751 295 785 348 37

142 468 205 507 ms
222 456 406 522 contemptum
426 469 478 505 non
497 451 641 505 consensit.
691 450 754 502 l'est
779 449 828 503 lroc
849 449 1007 503 Frederieus
1025 466 1115 502 comes
1134 448 1308 502 Colonienses
1325 447 1396 502 bello

143 549 212 603 vicit
230 555 258 603 et
276 548 376 603 multos
394 548 519 618 cepticos
537 547 649 601 obduxit
679 551 707 599 et
725 546 794 600 alios
811 546 917 600 occidit.
964 549 1054 599 Anno
1079 544 1205 599 Domini
1234 547 1299 599 itui»
1327 546 1395 615 prin
1426 562 1483 601 tun

143 646 243 717 cipes·
272 644 388 700 Saxorue
416 644 562 698 chricum
588 644 671 699 filium
691 642 800 696 Henrici
829 644 999 712 imperatoris
1026 643 1177 712 suscipiunt
1204 643 1230 696 in
1259 659 1349 709 regem
1370 645 1397 695 et

144 742 303 798 tidelitctem
322 741 374 796 sibi
394 743 485 796 iurent
502 745 596 795 centro
619 744 723 810 putrem
743 758 775 793 en
803 740 965 796 condicione.
995 739 1065 808 qued
1093 738 1208 793 ecclesie
1237 739 1293 799 Dei.
1326 739 1396 793 sicut

144 838 232 900 decet,
250 838 391 909 providerit
409 843 437 892 ct
455 838 580 892 omnibus
598 838 698 891 iustum
718 837 843 891 iudicium
870 837 960 890 locint.
1007 835 1107 890 Eodem
1135 842 1255 906 tempore
1284 835 1397 890 Ruthnr·
1427 852 1483 890 reon.

145 934 197 989 dus
220 933 484 1005 nrclriepiscopusb
505 935 702 1003 ttogontinose
725 934 866 1004 episcopos
884 934 1071 1003 infrascriptos
1102 932 1136 986 sb
1168 933 1258 985 oltlcie
1290 951 1398 1002 suspen·

145 1030 200 1086 dit:
230 1031 400 1085 l'redericum
434 1031 698 1087 Helverstndensem.
742 1030 860 1084 lidonem
902 1029 1150 1084 llildensemensem
1188 1034 1216 1083 et
1253 1029 1397 1083 Henricurn

147 1128 406 1183 l‘ederburnensem.
426 1129 489 1199 quis
508 1128 622 1198 quilibet
641 1146 731 1181 eorum
751 1146 799 1198 per
818 1127 962 1181 Henricum
983 1128 1170 1197 imperatorem
1199 1132 1291 1179 contra
1319 1143 1398 1179 cano-

148 1224 237 1279 niecm
256 1225 414 1279 electionem
439 1224 530 1279 sedem
550 1242 627 1279 sunm
646 1224 769 1278 obtinuit.
807 1223 842 1277 Et
860 1224 985 1278 similiter
1003 1242 1095 1278 ontnes
1114 1224 1161 1283 illi,
1190 1241 1257 1292 quos
1285 1223 1398 1293 predicti

146 1321 265 1392 episcopi
284 1321 482 1380 ordinaverent.
498 1321 531 1374 ub
549 1321 638 1375 otlicio
657 1323 781 1391 suspensi
797 1325 860 1375 sunt
873 1326 899 1374 ct
915 1321 1032 1375 chrisme
1046 1320 1189 1374 eorundem
1205 1321 1397 1391 episcoporum.

146 1418 217 1489 quod
256 1419 286 1472 in
324 1435 404 1472 cena
440 1417 567 1472 Domini
609 1417 867 1479 consecrabant,
909 1417 1102 1471 unnichilutum
1134 1422 1185 1472 est.
1241 1417 1297 1472 llec
1326 1418 1399 1471 lecte

146 1520 209 1569 unt
240 1515 268 1569 in
299 1514 514 1583 Quidilinborgh.
548 1514 663 1568 llenrico
688 1515 784 1568 iuuene
818 1532 882 1582 rege
915 1519 1048 1584 presente.
1099 1515 1159 1568 Sed
1197 1521 1312 1584 postes
1340 1534 1398 1569 con·

146 1616 245 1667 ventus
272 1612 420 1682 principum
449 1612 480 1664 tit
508 1612 534 1666 in
563 1611 724 1674 Northuscn,
755 1614 784 1665 et
814 1611 849 1664 ibi
888 1611 919 1664 in
948 1613 1121 1680 presencia
1150 1611 1285 1668 Henriei
1323 1616 1397 1668 nevi

147 1709 242 1777 regis
299 1726 355 1779 per
403 1708 692 1778 arhiepiscopum
751 1709 975 1775 llsguntinum
1018 1714 1053 1762 et
1104 1709 1398 1765 Constnnciensem

146 1806 357 1876 episcopum.
394 1805 580 1875 apostolice
617 1804 708 1857 sedis
749 1804 895 1873 legatos,
929 1804 1097 1858 decretum
1129 1811 1196 1866 est.
1230 1807 1300 1875 quod
1333 1807 1399 1862 ordi-

147 1903 204 1957 nali
230 1922 247 1956 a
275 1901 404 1972 predictis
431 1901 566 1972 episcopis
595 1905 704 1970 possent
734 1901 872 1955 ordinibus
900 1919 947 1954 seu
966 1903 1121 1956 execucioui
1141 1903 1263 1958 ordinum
1292 1904 1398 1958 restitui

147 2016 195 2069 per
213 2016 311 2053 manus
333 1998 543 2068 imposicionem.
581 1998 632 2051 Sed
653 1998 793 2051 restitucio
821 1998 1007 2068 cpiscoporum
1028 1998 1124 2052 iudicio
1152 2000 1226 2053 sedis
1253 2000 1399 2070 apostolice

147 2100 287 2151 rennos
311 2100 360 2149 est.
399 2094 490 2149 Fciurn
511 2095 608 2148 iludern
628 2095 680 2148 tuit
704 2094 869 2148 cleclornturn
889 2095 1049 2148 nuc-toritste
1068 2096 1224 2166 apostolice,
1248 2098 1318 2167 quod
1338 2099 1400 2152 iciu-

148 2193 221 2247 nium
241 2199 356 2262 qustuor
375 2197 523 2262 tenrponrm
544 2192 694 2261 septimsnc
719 2192 913 2245 l'cntlrceostcs
940 2193 1010 2245 sicut
1038 2193 1165 2247 ieiunium
1194 2199 1308 2263 quotuor
1335 2200 1399 2248 tem·

149 2288 267 2359 porrum*l
300 2288 506 2358 quadragesime
536 2289 648 2343 deberet
679 2289 826 2344 observari.
874 2288 991 2343 Eodem
1020 2308 1102 2343 enne
1130 2290 1307 2345 t'levehurdus
1334 2294 1399 2345 Con

148 2386 311 2441 memiensis
337 2386 479 2456 epiecopus
511 2386 657 2457 apostolice
686 2387 758 2440 sedis
786 2387 892 2454 legulos
921 2388 946 2439 in
976 2386 1089 2439 snbbsco
1118 2386 1283 2441 hebdomade
1306 2392 1397 2443 l'cntc-

148 2487 239 2537 costes
257 2482 288 2536 in
316 2482 472 2536 tincturis
491 2483 599 2536 ordines
616 2483 792 2536 celebrans
820 2501 868 2553 per
895 2502 991 2537 munus
1020 2485 1219 2554 imposicionem
1245 2486 1396 2538 restituit

149 2596 328 2649 suspensos
347 2579 383 2632 ub
407 2579 579 2634 ordinibus
607 2599 662 2632 scu
692 2581 892 2634 escensione
920 2581 1077 2634 ordinum.
1125 2581 1163 2634 st
1181 2581 1399 2652 nrclriepiscopus

149 2674 348 2745 &guntinus
366 2676 476 2730 eodem
504 2676 556 2730 die
575 2677 682 2731 ordines
699 2677 839 2731 celebrans
867 2678 892 2730 in
923 2677 1083 2747 llilgcnstod
1112 2690 1170 2731 cot²
1214 2679 1251 2731 «lc
1270 2681 1396 2748 episco-

149 2772 283 2842 pntibue
316 2790 414 2842 supro
455 2773 558 2828 dietis
599 2776 773 2827 venientes
806 2776 924 2828 restituit
964 2775 1169 2827 suc-toritste
1211 2777 1398 2844 spostolics

149 2868 347 2939 supradicta
391 2869 466 2924 'l‘unc
485 2871 569 2924 eciem
591 2870 723 2924 llcnrieus
742 2871 775 2924 de
797 2872 859 2924 ,teto
879 2871 977 2924 dudum
997 2871 1031 2924 sb
1050 2872 1165 2925 cordesio
1185 2872 1398 2927 l'nderlrnruensi

150 2968 270 3021 ciectusl
301 2968 476 3037 presbyter
504 2968 680 3021 ordinatus
707 2968 820 3021 ecclesie
854 2968 1087 3033 Muudeburucnsi.
1117 2986 1132 3021 s
1161 2988 1213 3038 qua
1237 2971 1322 3023 ecisnr
1351 2988 1399 3040 pcr

149 3065 250 3119 uuicos
277 3064 352 3131 regis
378 3064 486 3118 chrici
506 3065 630 3136 repulsus
647 3069 714 3121 erut.
735 3067 907 3135 preticiturc
956 3066 1089 3120 llcnricns
1115 3085 1162 3119 rcx
1192 3067 1262 3120 lilius
1291 3068 1397 3121 llenrici

149 3162 320 3233 imperatoris
351 3161 506 3215 laventibus
535 3162 584 3215 sibi
613 3162 779 3232 principibus
798 3163 873 3228 regni
893 3163 963 3232 putri
984 3181 1032 3215 stro
1060 3169 1196 3232 tnrnqusm
1225 3163 1343 3217 heretico
1372 3170 1397 3216 ct

148 3264 242 3312 moen
259 3257 402 3312 eeclesiam
421 3257 562 3312 rebellanti
581 3258 674 3312 durius
692 3258 808 3315 «obsistit.
837 3264 931 3312 contro
958 3277 1037 3329 qirem
1066 3264 1143 3329 puter
1161 3260 1281 3327 elitigens
1299 3261 1398 3314 exerci-

149 3362 205 3409 mo
232 3373 294 3409 cum
323 3354 378 3408 lllio
404 3355 438 3407 do
467 3372 531 3424 pnes
559 3356 695 3409 trectnvit.
744 3355 820 3410 lfncle
848 3357 998 3410 concilietis
1026 3357 1066 3410 eis
1094 3357 1165 3410 tilius
1193 3364 1296 3426 putrem
1316 3356 1398 3410 uiclril

149 3450 406 3521 retemptantem
434 3451 460 3504 in
489 3451 554 3506 urbe
583 3452 767 3506 Bilrclenhcint
796 3452 916 3506 ‹rirstoclic
945 3454 1093 3523 deputavit,
1123 3454 1206 3508 donec
1235 3460 1312 3522 pstor
1344 3454 1398 3508 lilio

150 3548 260 3616 regalis.
280 3552 346 3617 puts
364 3547 484 3602 lunecnm
503 3554 530 3601 ct
549 3567 674 3603 coronent
703 3550 811 3603 direxit.
850 3550 883 3603 lit
902 3550 998 3604 deinde
1019 3556 1158 3620 postquam
1180 3559 1256 3621 puter
1270 3552 1293 3605 ci
1308 3557 1398 3606 rostro

150 3644 331 3699 munitissime
366 3644 475 3703 dimisit.
527 3647 584 3715 ipsc
613 3646 680 3700 liber
707 3647 781 3700 obire
809 3648 981 3716 permittitur.
1032 3647 1105 3701 'l'nne
1138 3665 1186 3717 per
1219 3649 1397 3702 sttmoosem

149 3742 304 3812 episcopum
332 3742 479 3811 apostolice
498 3743 570 3796 sedis
599 3744 717 3809 leuatum
741 3743 960 3814 urcliiepiscopus
979 3744 1146 3798 dolomense
1173 3751 1201 3797 et
1230 3744 1400 3799 llurclrordus
1429 3766 1480 3804 eno

149 3838 293 3909 spiscopus
319 3837 541 3893 lionssteriensis
568 3841 601 3893 eb
628 3840 717 3893 otticio
745 3842 945 3911 suspenduntur
957 3842 983 3908 ¹),
1003 3847 1034 3894 et
1063 3843 1133 3911 ipse
1152 3843 1294 3912 episcopus
1315 3843 1399 3895 ‚llonu

149 3936 298 3995 mensis.
325 3935 528 3989 coniurantibus
554 3942 668 3991 contro
692 3957 751 3990 curn
776 3938 890 3991 ecclesie
910 3957 964 3991 suc
985 3938 1215 4001 nrinisteriolibus,
1235 3939 1394 3992 admittente
1423 3954 1499 3992 droti

149 4033 247 4086 comite
266 4030 410 4087 Westlelic
435 4033 472 4086 de
492 4033 702 4101 Arensbcrglr
724 4034 864 4088 l'rcderico
883 4035 1034 4105 expellitur.
1064 4037 1177 4104 cupitur.
1207 4035 1239 4088 nd
1261 4036 1399 4105 impe-rste·

238 4218 254 4245 Ι
275 4204 401 4274 princeps
420 4206 479 4259 l‘ur.
553 4205 568 4243 t.
588 4206 730 4276 episcopus
749 4210 962 4266 ulceri-tonteton.
994 4212 1081 4272 ‹toso
1099 4208 1316 4277 archiepiscopus
1337 4207 1398 4260 l'utl.

150 4304 164 4331 θ
187 4291 363 4361 lugentibus
382 4293 441 4347 l'sr.
496 4292 510 4332 ‘¹
532 4295 709 4363 septimuncv
755 4300 903 4363 temporum
924 4298 993 4344 dccet
1015 4294 1073 4347 l’nr.
1130 4311 1142 4329 ¹·
1165 4316 1195 4346 co
1215 4294 1258 4346 elic
1278 4294 1397 4347 tltruelrt.

150 4380 162 4423 ¹
184 4379 291 4436 electus
307 4379 418 4445 (ltruckl
500 4395 515 4429 r
535 4383 673 4452 proficitur
693 4382 751 4436 l'sr.

242 4586 262 4649 ¹)
279 4587 552 4651 Scbsffwlioiclrorst
571 4606 596 4640 n.
612 4606 636 4641 o.
659 4595 688 4641 t).
703 4594 730 4639 S.
754 4596 803 4641 112
824 4595 900 4642 ,tuem
921 4598 944 4641 2,
