3390 5160
745 325 938 381 ..220-

216 482 313 563 quela
337 482 377 546 sit
401 483 626 564 pertinencior.
674 482 754 545 ltcm
778 502 865 563 papa
889 501 954 545 non
984 484 1033 544 est
1057 478 1248 543 manifestus
1281 480 1315 541 et
1348 487 1464 540 rerus²

216 616 382 660 successor
406 597 558 677 principis
588 597 811 677 apostolorum
836 595 933 671 Petri,
964 595 991 658 si
1015 595 1095 658 vivit
1119 592 1265 655 moribus
1298 591 1465 655 contrariis

217 710 321 774 Petro.
371 713 408 774 ut
432 713 457 773 si
482 712 587 792 querit
611 711 798 786 avariciam,
833 715 909 774 tunc
933 713 982 773 est
1007 709 1144 774 vicarius
1175 707 1254 771 lude
1279 706 1464 770 Schariotis.

218 824 255 888 Et
284 827 353 905 pari
378 826 545 889 evidencia
569 824 749 889 cardinales
773 845 838 887 noo
864 829 939 887 sunt
964 823 1125 889 manifesti
1154 825 1186 886 et
1210 821 1277 885 veri
1302 839 1466 884 successo·

217 959 267 1002 res
299 939 424 1017 collegii
458 939 594 1003 aliorum
629 939 853 1019 apostolorum
886 939 1046 1002 seruantis
1078 937 1233 1001 nrandata
1270 939 1302 999 et
1336 935 1464 999 consilia

215 1053 337 1116 domini
369 1054 470 1116 nostri
495 1053 565 1117 lesu
590 1053 718 1117 Christi.
767 1053 828 1117 Per
851 1052 1184 1134 condempnacionem
1218 1049 1316 1113 huius
1343 1049 1465 1113 articuli

215 1186 281 1228 non
305 1166 402 1230 datur
426 1167 567 1245 intelligi,
601 1168 689 1247 quod
727 1166 918 1243 cardinales,
953 1186 1018 1230 non
1051 1165 1194 1248 episcopi
1207 1162 1231 1240 ¹¹,
1265 1163 1464 1227 succedant‘

215 1280 381 1361 apostolis.
438 1281 517 1344 ltem
551 1281 701 1344 doctores
731 1285 900 1361 ponentes,
934 1281 1023 1362 quod
1057 1279 1173 1361 aliquis
1207 1298 1267 1360 per
1295 1296 1463 1341 censuram

216 1396 465 1458 ecclesiasticam
500 1396 734 1471 emendandus,
768 1397 794 1458 si
828 1396 942 1474 corrigi
977 1395 1126 1469 noluerit,
1168 1392 1307 1457 seculari
1351 1391 1465 1454 iudicio

215 1512 264 1573 cst
296 1509 484 1585 tradendus,
518 1528 577 1590 pro
610 1515 699 1573 certo
731 1514 913 1592 sequuntur
946 1510 977 1572 in
1011 1509 1072 1573 hoc
1095 1507 1266 1590 pontifices
1289 1506 1413 1570 scribes
1434 1510 1466 1569 et

214 1623 393 1704 phariseos,
417 1623 472 1704 qui
496 1623 661 1686 Christum
685 1623 848 1688 nolentem
874 1625 919 1687 eis
942 1623 1074 1687 obedire
1103 1623 1135 1686 in
1159 1619 1323 1696 omnibus,
1359 1618 1465 1683 dicen·

213 1740 272 1814 tes,
298 1737 402 1813 ,nohis
426 1757 492 1800 non
516 1737 588 1801 licet
612 1737 792 1802 interlicere
815 1734 1065 1819 quemquam‘¹¹,
1091 1735 1151 1818 ipsi
1176 1734 1315 1800 seculari
1350 1733 1464 1798 iudicio

215 1851 430 1927 tradiderunt,
473 1856 505 1914 et
543 1851 624 1915 tales
667 1856 743 1915 sunt
785 1852 947 1915 homicide
983 1851 1148 1931 graviores
1184 1868 1286 1931 quam
1324 1847 1464 1930 Pylatus.

215 1965 294 2029 Item
327 1985 386 2046 per
422 1984 594 2028 censuram
627 1966 887 2042 ecclesiasticam,
927 1965 1075 2030 videlicet
1108 1961 1463 2033 excommunicacionis,

213 2080 434 2161 suspensionis
459 2083 491 2143 et
514 2079 684 2155 interdicti,
709 2080 812 2144 clerus
836 2080 879 2142 ad
898 2080 948 2143 sui
965 2078 1200 2144 exaltacionem
1223 2076 1384 2159 populum
1408 2075 1463 2139 lai·

214 2195 317 2258 calem
341 2193 401 2257 sihi
425 2194 622 2275 suppeditat,
655 2195 831 2258 avariciam
866 2194 1070 2275 multiplicat,
1109 2191 1271 2255 maliciam
1305 2189 1463 2272 protrahit

215 2311 248 2372 et
280 2309 365 2372 viam
398 2313 553 2389 preparat
582 2308 791 2373 Antichristo.
847 2309 928 2372 ltem
961 2308 988 2372 si
1018 2327 1105 2389 papa
1135 2310 1185 2370 est
1207 2305 1315 2370 malus
1338 2309 1371 2368 et
1393 2323 1464 2385 pre-

215 2423 325 2486 sertim
350 2423 376 2486 si
401 2427 450 2486 est
473 2423 640 2503 prescituS,
665 2428 742 2487 lunc
766 2429 802 2486 ut
826 2423 923 2487 ludas
946 2421 1115 2503 apostolus
1138 2425 1189 2484 est
1220 2418 1392 2501 dyabolus,
1415 2418 1463 2480 lur

215 2541 248 2599 et
272 2537 355 2599 filius
378 2537 571 2618 perdicionis
596 2541 627 2600 et
651 2556 716 2600 non
740 2542 840 2618 caput
863 2540 975 2601 sancte
999 2533 1167 2600 militantis
1193 2532 1339 2599 ecclesie.
1384 2532 1462 2596 ltem

215 2669 302 2733 papa
326 2670 391 2714 non
416 2651 513 2714 debet
536 2651 598 2714 dici
622 2652 845 2715 sanctissimus
868 2651 971 2716 eciam
995 2650 1176 2714 secundum
1199 2647 1357 2723 alliciam,
1388 2646 1464 2728 quia

215 2765 296 2830 alias
319 2785 375 2829 rex
399 2764 532 2829 deberet
551 2765 653 2829 eciam
683 2766 745 2829 dici
778 2765 1003 2830 sanctissimus
1033 2763 1213 2830 secundum
1245 2763 1402 2837 cilicium,
1433 2765 1463 2825 et

214 2881 375 2961 predones
413 2885 443 2944 et
486 2882 625 2943 tortores
658 2880 841 2944 dicerentur
877 2880 990 2957 sancti,
1027 2899 1138 2961 ymmo
1174 2876 1336 2961 dyabolus
1366 2875 1463 2941 debc-

215 2999 263 3058 ret
291 2995 400 3058 vocari
433 2999 574 3069 sanctus,
608 3014 682 3057 cum
716 2994 757 3058 sit
788 2995 963 3058 officiarius
995 2994 1062 3059 Dei.
1110 2995 1190 3058 Item
1223 3010 1291 3056 non
1324 2996 1374 3056 est
1406 2991 1463 3055 nisi

216 3109 352 3172 scintilla
377 3109 580 3189 appareneie,
606 3110 694 3190 (ruod
718 3113 847 3189 oportet
871 3127 941 3172 esse
966 3128 1068 3172 unum
1091 3111 1191 3188 caput
1223 3107 1257 3171 in
1289 3104 1464 3188 spirituali·

216 3224 277 3287 bus
309 3242 423 3302 regens
456 3223 634 3298 ecclesiam,
668 3224 755 3303 quod
789 3243 918 3304 semper
951 3243 1023 3287 cum
1058 3222 1129 3303 ipso
1160 3220 1297 3286 ecclesia
1325 3220 1464 3285 militans

216 3342 426 3403 conservetur
438 3347 461 3400 ⁰.
510 3338 587 3399 ltem
613 3337 760 3400 (llrristns
784 3339 852 3402 sine
876 3338 996 3403 talibus
1029 3335 1244 3401 monstruosis
1276 3336 1456 3419 capitibus'

216 3474 274 3535 per
306 3473 383 3516 snos
426 3472 556 3517 veraces
589 3453 763 3534 discipulos
797 3473 853 3532 per
885 3453 998 3517 orbem
1032 3457 1192 3518 terrarum
1224 3450 1343 3515 melius
1372 3468 1462 3513 suam

216 3568 384 3631 ecclesiam
409 3567 580 3645 regularet.
629 3568 707 3629 ltern
736 3568 876 3648 apostoli
910 3572 942 3631 ct
974 3567 1087 3632 lideles
1120 3565 1310 3632 sacerdotes
1338 3564 1463 3630 Domini

215 3686 346 3745 strenue
386 3683 416 3744 in
456 3682 644 3746 necessariis
681 3681 724 3744 ad
757 3682 895 3745 salutem
935 3682 1123 3759 repedarunt
1158 3679 1341 3757 ecclesiam,
1373 3684 1464 3744 ante·

216 3817 314 3877 qnam
334 3767 424 3877 'pape
448 3797 590 3860 officium
615 3797 695 3858 soret
721 3797 952 3871 introductum,
982 3801 1014 3860 et
1037 3794 1084 3860 sic
1118 3796 1262 3860 lacerent
1295 3813 1401 3876 usque
1433 3784 1526 3885 inffst⁸

216 3910 301 3973 diem
336 3910 441 3973 indicii
457 3910 489 3991 ¹).
548 3913 627 3975 ltem
662 3911 749 3974 nulla
783 3911 904 3975 heresis
936 3912 1030 3976 debet
1065 3909 1238 3993 dampnari
1267 3928 1327 3992 per
1348 3914 1462 3991 poten·

216 4026 298 4088 cirnn
324 4025 380 4088 sed
405 4045 463 4106 per
486 4025 743 4106 disputarionem
769 4027 800 4088 in
829 4027 934 4089 scolis.
982 4027 1061 4090 ltem
1094 4024 1235 4107 populus
1268 4042 1337 4088 non
1368 4024 1462 4088 debet

305 4242 319 4269 κ
341 4246 421 4282 verns
440 4235 467 4282 et
487 4231 646 4282 manifestus
667 4230 695 4283 1¹.
739 4229 752 4266 Ι·
772 4231 905 4300 episcopis
926 4231 985 4285 l'ar.
1032 4229 1213 4285 csuoeouont
1230 4228 1292 4283 Par.
1338 4226 1355 4269 ⁴¹
1374 4245 1462 4299 querar

216 4337 295 4388 quarn
317 4319 468 4371 interlicere
489 4318 516 4370 li.
573 4333 585 4356 t·
609 4323 785 4371 conservatur
804 4320 864 4372 Par.
919 4318 1053 4388 serpitis
1079 4318 1144 4373 l‘ad.

306 4508 323 4571 ¹)
346 4509 395 4559 In'e
414 4511 599 4572 irrismwrilillrn
628 4509 728 4557 l'nnldc
755 4511 818 4557 sr'nd
846 4511 895 4558 den
925 4512 1032 4575 ‹lrn'lh'p
1062 4508 1264 4561 Finnlurtikeln
1291 4516 1463 4571 Mamm,

216 4598 309 4647 welche
330 4599 398 4648 1115»
416 4597 478 4647 Aah
498 4603 513 4642 li
533 4599 677 4647 rrrdnmmt
698 4598 814 4646 irrrrdcn.
854 4598 946 4648 ,transt
965 4616 991 4647 u.
1010 4615 1034 4648 n.
1057 4601 1086 4649 0.
1106 4596 1226 4651 XXVI!
1247 4592 1278 4652 S.
1298 4598 1359 4649 m
