3390 5160
744 388 776 396 -
817 360 867 413 182
911 392 935 398 -

253 431 319 484 llcc.
341 432 375 485 n.

217 550 293 593 rore
318 533 468 607 conlisus,
495 533 685 597 introductis
700 536 883 616 pocioribus
894 537 915 620 'l
931 557 969 601 ex
986 536 1073 600 laicis
1093 530 1290 614 supradictis
1305 528 1344 591 ad
1363 528 1459 590 locum

216 645 429 725 capitularem
459 649 655 723 monasterii,
681 670 745 730 qua
779 651 930 715 domimrs
954 651 1075 715 electus
1098 668 1173 711 eum
1204 645 1315 708 multis
1339 643 1462 724 prelatis

218 761 413 840 presidebat,
448 761 530 825 inter
563 763 663 843 ipsius
697 766 893 831 visitacionis
933 770 1057 831 secreta
1095 761 1250 827 scrutinia
1286 761 1317 823 in
1353 778 1462 836 new

218 875 342 937 rrunreri
377 876 559 956 quantitate
602 879 781 959 predictam
825 879 1045 944 visitacionem
1087 875 1233 943 frustrari
1277 873 1462 938 conabatur.

216 990 365 1071 Cumque
390 991 457 1072 ipse
481 991 634 1055 dominus
658 993 779 1057 electus
802 996 945 1076 prelatos
974 995 1074 1059 laicos
1106 993 1167 1057 sub
1200 990 1311 1055 debito
1346 987 1463 1068 prestiti

218 1105 401 1180 iuramenti,
426 1107 595 1187 presertim
621 1109 793 1188 nragistros
816 1111 935 1174 civium
960 1115 992 1174 et
1015 1108 1216 1175 consiliarios
1249 1104 1402 1173 civitatis.
1434 1107 1464 1164 ut

219 1219 323 1282 locum
349 1220 435 1283 illum
463 1221 596 1297 exirent,
622 1223 780 1287 instanter
803 1225 980 1306 requisivit,
1012 1224 1137 1306 ipsique
1165 1221 1275 1304 palam
1310 1224 1465 1301 protesta-

219 1335 347 1409 bantur,
372 1356 407 1398 se
431 1355 496 1398 uon
521 1337 674 1413 exituros
692 1339 880 1420 priusquam
898 1339 1001 1405 abbas
1017 1360 1072 1404 eos
1089 1336 1273 1403 licenciaret
1286 1335 1320 1415 ἱ),
1341 1333 1464 1396 abbasn

217 1452 250 1512 et
274 1449 424 1513 monacbi
450 1450 618 1514 resistendi
642 1452 779 1518 audacia
812 1458 979 1534 concepta,
1014 1458 1050 1518 ut
1081 1451 1316 1516 correctionem
1352 1449 1465 1525 efluge-

220 1568 301 1640 rent,
327 1564 357 1626 in
384 1583 494 1627 vocem
520 1566 750 1647 appellaeionis
774 1574 993 1650 proruperunt
1004 1565 1029 1632 't
1064 1567 1158 1631 Unde
1180 1565 1335 1630 dominus
1352 1563 1466 1626 electus

220 1678 392 1743 attendens
417 1700 472 1743 eos
501 1680 622 1744 frivolis
645 1683 922 1763 appellacionibns
945 1684 1005 1748 sibi
1031 1683 1111 1747 velle
1135 1680 1303 1762 refragari,
1329 1679 1407 1761 ipsis
1423 1697 1467 1740 rc-

221 1794 342 1874 putatis
366 1795 623 1871 contumacibus
657 1799 849 1862 mandatum
873 1798 1040 1880 quoddam
1064 1802 1179 1861 contra
1203 1814 1260 1858 eos
1284 1812 1467 1857 exeommu-

220 1909 396 1972 nicacionis
412 1910 593 1973 monicione
609 1913 718 1992 previa
734 1915 890 1977 canoniea
910 1914 1057 1994 protinus
1079 1911 1195 1985 emisit,
1217 1932 1237 1975 a
1255 1929 1323 1992 quo
1345 1928 1402 1989 per
1415 1909 1468 1969 ab·

221 2025 330 2088 batem
361 2027 389 2087 et
422 2025 599 2088 monachos
623 2028 844 2108 appellaeione
868 2029 1035 2093 interiecta
1059 2027 1236 2108 capitulum
1261 2025 1397 2089 ecclesie
1419 2044 1468 2086 ca·

222 2139 378 2202 tbedralis
395 2139 607 2219 appellationi
625 2141 679 2204 tuli
695 2142 736 2206 ad
753 2143 972 2207 Alexandrum
994 2163 1114 2224 papam
1136 2144 1313 2222 provocate
1332 2145 1364 2202 et
1388 2144 1469 2201 totns

221 2253 325 2316 clerus
349 2252 486 2328 adhesit,
511 2255 660 2334 ‹puunvis
685 2256 853 2336 usquead
879 2255 955 2319 illud
980 2260 1109 2337 tempus
1135 2254 1166 2318 in
1186 2252 1379 2318 obediencia
1395 2255 1469 2315 tire·

223 2367 302 2448 gorii
323 2367 556 2447 perstiterunt⁹
580 2389 638 2433 nec
653 2368 761 2433 adbuc
783 2390 840 2450 per
855 2370 960 2451 ipsum
977 2370 1114 2434 electum
1135 2373 1167 2432 et
1182 2367 1362 2449 capitulum
1378 2387 1468 2430 sunm

223 2481 475 2546 determinatum
497 2483 611 2558 extitit,
636 2483 726 2546 cirins
751 2485 973 2549 obedienciam
993 2484 1035 2548 de
1059 2488 1183 2566 papatu
1203 2481 1469 2546 contendemium

224 2596 341 2659 vellent
365 2595 548 2660 observare.
596 2598 677 2660 (turn
703 2598 787 2661 enim
813 2598 965 2662 dominus
1000 2599 1120 2664 clectus
1153 2569 1185 2664 el
1218 2597 1399 2680 capitulum
1422 2586 1534 2681 cof-f

223 2711 319 2775 cles-ie
343 2711 476 2774 maioris
500 2732 598 2793 super
621 2712 806 2776 huiusmodi
831 2714 1018 2779 obediencia
1043 2717 1202 2780 tractatus
1222 2713 1394 2785 baberent,
1417 2711 1473 2774 do·

225 2827 331 2890 minus
360 2827 480 2890 electus
513 2847 674 2892 summam
703 2829 814 2892 tocius
846 2829 968 2894 consilii
1002 2829 1035 2893 in
1069 2829 1248 2911 capitulum
1271 2827 1472 2899 retundebat,

225 2940 280 3022 qui
305 2939 538 3020 respondentes
562 2941 590 3004 ei
615 2942 775 3006 dixerunt.
824 2943 901 3018 ‚Nos
926 2943 957 3007 in
987 2943 1106 3007 talibus
1130 2943 1223 3007 lactis
1247 2942 1317 3007 sine
1342 2942 1472 3006 consilio

224 3054 440 3134 capitulorum
471 3054 758 3120 llalberstadensis
782 3062 813 3120 ct
838 3056 1113 3121 llildensemensis
1136 3057 1360 3131 ecclesiarum,
1393 3060 1473 3119 tarn·

226 3189 324 3250 qnam
351 3168 553 3234 fraternitate
577 3190 649 3232 eum
677 3170 736 3233 iltis
760 3171 934 3247 coniuncti,
967 3169 1060 3235 non*l
1089 3171 1320 3236 consuevimus
1355 3168 1473 3251 aliquid

225 3285 382 3348 ditinum:
408 3304 509 3364 quare
535 3286 699 3349 mittemus
709 3298 722 3323 ⁰
746 3287 869 3350 litteras
892 3291 1022 3351 nostras
1045 3289 1090 3352 ad
1116 3288 1185 3352 illas
1209 3291 1242 3352 et
1266 3287 1394 3351 illorum
1419 3286 1474 3350 ba·

227 3400 301 3461 bitis
326 3399 488 3480 responsis
512 3400 606 3462 sirnnl
633 3401 896 3476 deliberabimus,
930 3403 1007 3484 (prid
1033 3403 1064 3466 in
1090 3402 1150 3466 lroc
1174 3421 1252 3468 casu
1278 3402 1375 3466 nobis
1397 3402 1476 3465 tina·

228 3516 298 3576 liter
321 3513 362 3577 sit
391 3515 574 3591 egelidum.
622 3516 673 3578 Ad
698 3535 761 3596 qne
788 3517 939 3580 ‹torninns
963 3517 1085 3581 electus
1117 3517 1249 3599 plenum
1283 3535 1475 3580 consensum

230 3629 368 3710 prebens
392 3629 433 3693 ad
458 3634 598 3692 castrum
624 3649 718 3692 snum
744 3651 778 3693 se
803 3631 965 3695 transtulit
989 3630 1030 3695 de
1054 3631 1192 3696 civitate.
1232 3630 1298 3695 Sed
1315 3631 1369 3694 vix
1385 3629 1477 3693 unius

318 3819 333 3846 ἢ
354 3806 437 3859 abbas
456 3808 525 3857 ‹teest
546 3805 574 3860 L.
648 3805 663 3843 ¹·
684 3808 854 3876 proriperent
873 3807 933 3860 Par.
1001 3820 1013 3848 0
1037 3808 1214 3877 prestiterunt
1233 3807 1294 3862 i‘ar.
1361 3804 1426 3859 du
1444 3809 1478 3857 tn

233 3899 311 3949 Terre
339 3895 411 3953 l'ad..
442 3914 487 3944 run
517 3898 634 3946 irriderer
655 3898 739 3948 inunt
765 3900 795 3948 ub
814 3898 1053 3963 ntae-pesetoruben,
1081 3899 1156 3949 donn
1183 3897 1253 3950 auch
1276 3898 1364 3949 diem
1382 3895 1478 3948 duret·

230 3986 346 4035 strichen
367 3986 423 4036 anu
442 3999 491 4035 neo
510 4002 546 4034 nn
565 3985 614 4035 rlcn
637 3985 717 4036 lluml
730 3993 835 4050 praelat.
890 3996 902 4025 ⁰
924 3984 1064 4038 mittamus
1082 3983 1143 4038 Pur.

322 4131 340 4191 ¹)
363 4135 392 4183 In
413 4134 462 4181 ‹lrr
483 4133 658 4196 „ilnsprnclrc
676 4134 722 4181 des
743 4133 852 4183 Etetrm
881 4133 1003 4183 tt'r'tbetm
1016 4148 1096 4198 peperi
1111 4133 1155 4183 ello
1165 4131 1478 4198 Bllryemelsterdlotae·

232 4223 300 4271 tam·
320 4222 375 4271 rcrrd
394 4223 437 4270 «lie
459 4221 601 4269 lienwimlr
621 4221 791 4271 Paternum
813 4223 876 4271 sind
894 4221 1035 4272 texendas
1055 4227 1191 4287 pendunt:
1217 4219 1330 4273 Joltonn
1350 4218 1479 4277 nundin,

233 4311 372 4361 Hermann
396 4309 509 4363 tratres,
532 4309 660 4359 Heinrich
683 4309 892 4367 Ilrulenhunscn,
910 4308 1209 4374 canisianum,
1221 4307 1334 4361 John
1348 4304 1496 4359 flocum(

232 4400 281 4448 cler
298 4399 417 4460 Jrlnqere
437 4398 492 4447 ilerd
514 4397 642 4447 lleinriclr
665 4398 805 4462 n'qpeb'n.
843 4396 947 4450 tielenli
966 4395 1119 4464 ferrugineo
1136 4393 1186 4449 Bd.
1204 4393 1257 4450 XV
1278 4394 1291 4449 l
1311 4393 1358 4449 fol
1367 4391 1505 4448 22-28-

233 4488 290 4540 Art,
311 4484 388 4538 xxx
409 4486 529 4536 (A'dlner
547 4485 740 4539 Snuttaretn'r).
780 4517 808 4523 —
850 4488 867 4548 ·)
894 4487 968 4538 ,t'ucb
989 4487 1038 4537 cler
1056 4485 1268 4552 damnosum
1289 4483 1487 4552 „Aupmche'

233 4583 386 4626 anticurtete·
405 4574 513 4623 anuun
540 4573 679 4623 llurrelin:
710 4574 766 4631 „ne
785 4574 837 4623 ubd
855 4575 910 4638 best
930 4591 981 4625 tenu
999 4573 1168 4641 lteryebedorr,
1196 4589 1257 4625 mn
1278 4573 1312 4625 de
1330 4588 1382 4625 uu
1398 4562 1515 4635 wlff

231 4665 329 4730 alteret,
348 4680 379 4714 :o
399 4661 469 4713 seille
489 4663 533 4710 ccii
550 4658 647 4726 phun.“
687 4661 755 4712 Alto
777 4661 866 4713 blecca
884 4680 913 4715 cc
931 4670 992 4714 uon
1012 4663 1050 4714 do
1068 4662 1154 4715 aldor
1178 4662 1266 4716 udor
1282 4677 1350 4715 m
1372 4656 1493 4728 W·
