3390 5160
761 379 790 385 -
832 351 882 405 186
919 383 952 392 -

268 429 335 483 lice.
355 428 390 483 B.

232 527 350 590 ibidem
384 528 444 591 sibi
477 527 672 608 conquisivit
704 529 826 593 amicos
860 531 891 593 et
924 528 1115 593 citacionem
1149 531 1263 593 contra
1288 527 1425 591 electum
1449 531 1474 590 el

232 642 300 705 eius
323 642 493 708 ollicialem
518 663 591 707 cum
618 643 666 706 sui
691 647 724 708 et
747 664 879 707 suorum
905 643 1115 708 absolucione
1138 645 1171 706 et
1195 641 1368 717 interdicti,
1389 641 1477 704 dum

233 761 323 821 taxat
347 756 378 820 in
403 757 571 822 ecclesiam
596 759 784 823 monasterii
809 759 876 834 lati,
901 758 1131 823 relaxacionen
1150 757 1193 822 ad
1222 760 1333 839 partes
1357 757 1479 820 rediens

232 871 419 951 reportavit.
467 871 581 937 Clerus
598 870 700 952 igitur
723 872 872 948 civitatis
898 877 1067 954 tamquam
1093 870 1331 936 monachorum
1365 870 1479 934 lavaris

231 984 356 1062 avidnS,
380 985 485 1048 solum
510 985 716 1049 interdictum
741 987 880 1068 speciale
909 987 1090 1052 relaxatum
1119 1006 1186 1051 non
1217 984 1404 1059 advertens,
1428 1003 1482 1066 per

232 1103 336 1164 totam
360 1099 523 1164 civitatem
557 1099 667 1164 divina
700 1101 884 1182 resumpsit.
931 1101 1089 1165 Dominus
1120 1120 1198 1164 vero
1232 1101 1354 1165 electus
1388 1099 1481 1165 cives.

232 1214 385 1295 quicum
411 1214 442 1277 in
467 1214 601 1294 negocio
627 1215 824 1279 visitacionis
848 1216 1056 1297 perturbasse
1080 1214 1287 1291 videbantur,
1312 1213 1356 1279 ad
1381 1213 1483 1277 cousi·

232 1327 368 1391 storiam
393 1327 476 1406 regis
500 1327 657 1404 evocavit,
682 1328 739 1393 sed
764 1329 898 1410 negocio
922 1330 964 1394 ad
988 1333 1119 1410 tempus
1142 1348 1315 1410 suspenso,
1349 1347 1406 1391 rex
1430 1328 1484 1391 dc»

231 1442 328 1507 cessit
343 1443 375 1522 ¹),
414 1446 446 1506 et
484 1443 566 1506 inter
609 1444 746 1508 electum
794 1448 826 1509 et
871 1444 1037 1508 civitatem
1077 1443 1259 1526 perniciosa
1298 1438 1483 1506 dissensioh

233 1557 360 1639 serpsit.
1298 1542 1301 1549 ¹

68 1693 184 1739 vinoun
201 1698 220 1737 v.
342 1672 438 1736 Anno
463 1672 591 1737 Domini
619 1674 703 1737 1410
727 1674 848 1739 mensis
872 1674 945 1738 Maii
970 1673 1022 1738 die
1043 1673 1143 1738 tercia
1159 1672 1358 1749 Alexander,
1383 1691 1485 1754 nuper

233 1789 265 1851 in
289 1807 408 1869 papam
433 1788 566 1865 electuS,
591 1787 621 1850 in
647 1788 778 1854 civitate
801 1788 1009 1866 Bononiensi,
1038 1788 1204 1870 adquam
1228 1808 1264 1852 se
1288 1806 1363 1852 cunr
1398 1786 1486 1851 curia

233 1922 292 1967 sua
325 1903 546 1978 transtulerat,
578 1903 727 1981 decessit,
761 1907 793 1968 et
823 1907 898 1985 post
930 1904 999 1967 eius
1031 1904 1157 1967 obitum
1192 1902 1348 1967 dominus
1376 1902 1486 1967 Balta-

233 2027 309 2081 sarc
332 2017 373 2081 de
397 2018 487 2082 Coxa
511 2017 646 2082 nacione
680 2018 926 2100 Neapolitanus,
960 2017 1134 2083 cardinalis
1167 2017 1386 2082 Bononiensis
1418 2018 1486 2080 vul·

120 2145 172 2189 uei
187 2150 219 2189 2⁵.
234 2133 354 2212 gariter
377 2136 593 2214 nuncupatus,
617 2133 738 2197 electus
762 2132 793 2196 in
818 2153 938 2214 papam
953 2132 976 2216 ²)
1001 2132 1083 2197 Vlll.
1108 2131 1178 2196 Kal.
1203 2131 1286 2196 lunii
1309 2135 1488 2196 coronatus

232 2246 393 2311 lohannes
416 2246 530 2309 xxlll.
556 2250 603 2309 est
628 2247 821 2328 appellatus,
856 2246 888 2310 in
913 2247 1004 2310 cuius
1027 2245 1183 2311 electione
1207 2244 1301 2309 multi
1324 2245 1488 2310 scandali·

232 2359 320 2426 zatid
342 2365 427 2439 sunt,
451 2362 528 2443 quia
554 2366 589 2425 ut
613 2367 771 2445 tyrannus
794 2362 914 2426 rexisse
950 2360 1130 2426 Bononiam
1165 2365 1198 2426 et
1220 2361 1286 2426 vite
1319 2361 1488 2426 mundane

233 2476 361 2540 deditus
394 2476 571 2541 dicebatur.
619 2477 690 2558 lpse
727 2477 934 2540 confirmavit
971 2496 1028 2541 seu
1069 2476 1280 2542 continuari⁰
1317 2475 1489 2541 mandavit

233 2590 403 2654 historiam
427 2610 485 2654 seu
509 2596 652 2667 cantum,
677 2612 777 2673 quarn
803 2591 851 2655 vel
872 2611 969 2672 quem
1002 2611 1062 2672 ego
1096 2610 1184 2656 anno
1216 2590 1416 2674 precedente
1448 2591 1490 2656 de

233 2705 314 2768 lesto
340 2704 536 2769 visitacionis
560 2705 655 2769 beate
680 2706 778 2770 Mario
803 2706 933 2786 virginis
945 2705 969 2788 3)
1004 2705 1154 2780 feceram,
1178 2704 1234 2786 qui
1267 2709 1387 2769 cantus
1410 2705 1490 2771 inci·

234 2819 299 2900 pit:
327 2819 458 2894 ,Tecum
484 2819 699 2901 principium‘.
747 2820 786 2883 Et
810 2820 872 2885 hoc
896 2819 970 2884 iecit
998 2824 1074 2902 post
1105 2819 1359 2885 coronacionern
1393 2838 1488 2884 suam

234 2934 316 2996 inira
340 2954 395 2997 sex
419 2933 620 3015 septimanas
645 2954 697 2998 mo
722 2935 753 2998 in
779 2935 948 3016 presencia
972 2934 1041 3000 eius
1064 2932 1279 3016 personaliter
1298 2933 1489 2998 constituto.

100 3047 274 3117 (narreiEt
306 3052 381 3129 post
422 3049 672 3112 coronacionem
707 3048 776 3112 eius
809 3048 919 3112 statim
952 3047 1104 3113 dominus
1140 3066 1197 3111 rex
1230 3046 1401 3129 Bupertus
1433 3047 1491 3111 de·

234 3161 362 3225 iunctus
386 3166 434 3225 est
447 3161 482 3242 ¹).

341 3274 410 3339 Hoc
434 3296 521 3339 auno
545 3295 600 3339 rex
627 3276 760 3341 l‘olonie
783 3281 815 3340 ct
842 3277 987 3341 Vitoldus
1010 3277 1077 3341 dux
1100 3275 1225 3341 Litovie
1248 3295 1323 3341 uum
1344 3277 1490 3341 maxima

234 3389 439 3454 nmlvirudine
466 3395 667 3455 armatorum
699 3392 869 3472 presertim
902 3410 1105 3474 paganorum
1139 3390 1307 3455 intrabant
1335 3390 1489 3457 Pruciam

233 3509 265 3568 et
298 3525 355 3586 per
401 3505 517 3569 milites
558 3506 797 3584 crucesignatos
835 3505 957 3569 ordinis
999 3505 1116 3569 domus
1148 3503 1406 3570 Teutonicorum
1441 3507 1490 3570 iu·

233 3624 416 3684 stauratum
440 3623 490 3683 est
513 3619 633 3683 bellum
659 3625 853 3684 contraeas
877 3620 1003 3684 decima
1027 3618 1142 3702 quinta
1166 3618 1219 3682 die
1248 3619 1374 3684 mensis
1406 3620 1489 3703 Sep·

234 3732 422 3815 {numism
458 3738 490 3797 et
523 3753 577 3797 rex
612 3733 746 3798 Polonie
778 3733 1000 3814 triumphavit,
1033 3736 1066 3797 et
1107 3731 1293 3798 ceciderunt
1335 3732 1488 3798 homines

233 3848 401 3929 utriusque
425 3849 527 3929 partis
556 3847 682 3912 circiter
710 3849 888 3928 nonaginta
915 3851 1058 3930 quatuor
1088 3847 1188 3923 milia,
1220 3846 1264 3911 de
1295 3847 1416 3930 quibus
1448 3867 1487 3913 ex

233 3966 327 4045 parte
360 3963 495 4026 militum
530 3962 750 4044 predictorum
784 3963 825 4028 ad
859 3983 915 4028 sex
948 3961 1038 4028 milia
1070 3962 1268 4039 ceciderunt,
1301 3960 1485 4046 dequibus

234 4076 446 4155 crucesignati
473 4075 590 4140 milites
614 4076 757 4142 sexcenti
782 4078 922 4142 luerunt.

287 4261 302 4288 ἢ
322 4247 455 4301 relacione
476 4247 502 4300 L.
560 4245 856 4301 elimentum.
904 4246 1069 4301 curram
1087 4245 1147 4302 Par.
1194 4244 1407 4302 doenndtlinfi
1424 4245 1483 4301 Pur.

233 4340 246 4369 ⁰
268 4328 426 4382 continuare
446 4327 505 4381 Par.

326 4484 343 4540 'l
366 4489 433 4536 mu
453 4486 511 4536 *ver
533 4491 571 4536 m.
601 4513 624 4519 -
649 4482 668 4546 ⁹)
690 4485 811 4535 aemma
834 4485 1040 4537 manavir.
1062 4515 1093 4521 --
1123 4479 1225 4548 'idea'
1242 4487 1268 4536 a.
1297 4513 1329 4522 -
1359 4480 1380 4543 ⁴)
1396 4481 1480 4535 sao·

235 4575 329 4624 corimr
347 4590 390 4623 um
413 4579 452 4624 1⁸.
474 4573 539 4623 ,ilat
571 4601 597 4606 —
632 4571 650 4635 ³⁴)
678 4573 810 4623 l'ivdrnehr
836 4577 875 4623 15.
895 4573 957 4624 Jutv'
976 4573 1041 4625 (doe
1061 4573 1162 4625 Datum
1181 4574 1211 4624 v'n
1238 4567 1304 4625 Boo.
1322 4568 1356 4627 Α.
1373 4569 1479 4636 rid&

234 4662 274 4713 un·
295 4660 477 4726 Tannenderp.
