3352 5166
708 354 901 409 —117-

180 508 376 591 supradictis
400 509 523 574 Gallica
546 510 654 590 lingua
678 530 800 592 papam
825 510 874 573 bis
897 509 1004 574 verbis
1031 511 1236 589 aggreditur:
1271 512 1430 592 ‚Domine

180 624 222 689 ad
247 644 305 687 vos
329 624 434 696 venio,
459 629 495 688 ut
519 624 561 688 ob
585 623 643 689 Dei
673 624 807 690 ecclesie
839 624 993 689 unionem
1029 624 1120 688 vobis
1152 627 1347 691 annunciem
1381 647 1431 704 ea,

180 759 245 821 que
269 738 366 802 michi
390 739 593 804 revelacione
616 738 726 805 diviua
750 744 827 804 sunt
860 740 1034 821 patefacta.
1099 738 1166 820 Ego
1199 740 1332 821 quidem
1366 741 1432 807 iam

180 855 275 919 annis
299 853 483 936 quindecim
518 855 852 936 contemplacionibus
880 875 1002 919 vacans
1026 854 1057 918 in
1089 854 1234 932 heremo,
1267 856 1433 921 sanctissi-

181 988 271 1032 mum
296 968 328 1031 in
351 967 481 1033 Christo
504 973 630 1051 patrem
657 973 689 1033 et
711 969 881 1033 dominum
905 969 1073 1033 dominum
1094 967 1294 1034 Clementem
1319 989 1431 1034 verum

181 1101 346 1145 summum
371 1083 558 1162 pontificem
582 1086 615 1146 et
638 1081 756 1147 Christi
782 1083 937 1146 ricarium
962 1101 1086 1164 vosque
1100 1083 1349 1165 pseudopapam
1362 1103 1433 1148 esse

104 1216 160 1261 aas
183 1196 385 1260 revelacione
424 1197 534 1262 divina
573 1198 713 1279 percepi.
774 1196 884 1274 Quare
925 1197 968 1261 ob
1006 1197 1140 1262 ecclesie
1179 1197 1236 1261 Dei
1279 1169 1433 1262 dnionem

181 1311 357 1393 animeque
382 1315 488 1375 vestre
516 1311 656 1375 salutem
691 1311 928 1377 abrenunciare
960 1312 1095 1393 papatui
1128 1311 1327 1391 dignemini‘.
1374 1311 1433 1376 Cui

180 1445 269 1508 papa
292 1425 478 1507 respondit:
505 1425 610 1503 ‚Unde
633 1425 695 1490 scis
719 1425 804 1489 hanc
827 1429 1041 1507 pretensamr
1061 1426 1309 1503 revelacionem,
1333 1445 1432 1508 quam

181 1541 300 1606 asseris
324 1539 480 1618 divinam,
513 1541 625 1604 alleo
659 1540 717 1604 tibi
742 1540 883 1606 factam‘.
941 1541 1089 1623 Cumque
1123 1541 1175 1606 ille
1207 1543 1433 1607 narracionem

182 1675 276 1721 suam
300 1675 360 1720 nec
383 1656 478 1736 signo
503 1655 618 1720 visibili
643 1676 702 1721 nec
725 1675 818 1720 sacre
848 1657 1007 1738 scripture
1040 1658 1227 1722 testimonio
1260 1659 1435 1725 confirma·

182 1773 242 1848 ret,
266 1769 325 1835 sed
349 1769 391 1834 ad
415 1769 702 1835 confirmacionem
727 1770 804 1834 dicti
834 1772 884 1834 sui
917 1772 1062 1853 corporis
1095 1775 1258 1837 tormenta
1287 1773 1376 1838 nulla
1399 1793 1435 1838 se

182 1884 357 1949 formidare
389 1903 548 1962 asserens,
583 1884 681 1951 verba
714 1885 839 1967 absque
871 1885 1002 1950 racione
1044 1886 1273 1968 multiplicaret
1284 1884 1310 1964 ¹¹,
1348 1907 1434 1969 papa

183 2001 297 2065 videns
321 2020 395 2066 eum
419 1999 577 2065 annulum
601 2001 766 2082 quendam
790 2020 938 2078 aureum,
972 2001 1080 2083 lapide
1112 2001 1256 2082 quodam
1287 2003 1434 2083 precioso

185 2120 347 2192 ornatum,
381 2119 508 2195 gestare
535 2115 647 2196 digito,
685 2114 886 2198 credensque
925 2116 957 2179 in
986 2116 1126 2180 eodem⁰
1163 2116 1312 2197 spiritum
1353 2119 1435 2181 forte

183 2231 348 2314 quendam
378 2230 480 2295 teneri
513 2230 685 2307 inclusum,
724 2231 816 2294 cuius
850 2232 918 2313 ipse
952 2231 1164 2310 instigacione
1197 2232 1242 2295 sic
1276 2232 1434 2314 intrepide

184 2349 245 2411 ista
269 2346 412 2422 referret,
443 2345 522 2408 dixit
546 2345 589 2410 ad
613 2365 709 2410 eum:
745 2345 837 2422 ,Cum
862 2346 1037 2410 heremitas
1071 2346 1199 2409 annulis
1232 2346 1350 2425 digitos
1383 2366 1437 2411 or·

183 2482 263 2526 nare
292 2462 517 2525 inconsuetum
551 2480 622 2524 esse
655 2460 842 2536 dinoscitur,
876 2461 963 2525 unde
995 2460 1046 2523 bic
1071 2461 1211 2525 annulus
1235 2461 1303 2537 tibi,
1337 2481 1434 2543 quern

184 2577 229 2641 sic
253 2576 381 2658 publice
404 2580 533 2655 gestare
557 2575 753 2657 presumist‘
812 2575 883 2656 lpse
908 2575 1092 2656 respondit:
1129 2576 1370 2651 ‚sanctissimus
1402 2577 1434 2641 in

183 2694 312 2758 Christo
335 2697 429 2775 pater
453 2697 484 2758 et
509 2692 662 2756 dominus
685 2711 773 2773 papa
796 2691 947 2756 Clemens
971 2691 1060 2755 illum
1086 2692 1221 2756 contulit
1246 2692 1363 2756 micbi‘.
1397 2693 1436 2756 Et

183 2830 281 2892 papa,
315 2809 466 2890 quamvis
498 2827 572 2871 eum
607 2803 716 2871 iustad
738 2806 904 2872 seriositas
927 2807 1067 2887 angebat
1093 2807 1232 2883 abintra‚
1266 2808 1359 2888 quasi
1393 2807 1435 2874 ad

184 2926 284 2990 rerba
308 2925 418 2988 iocosa
442 2943 628 3000 conversus,
663 2921 820 2986 annulum
855 2922 914 2985 sibi
940 2922 1115 2987 monstrari
1148 2923 1316 3004 poposcit;
1351 2923 1435 3004 (ῐυί’

184 3060 259 3104 cum
292 3043 423 3104 extenta
456 3058 557 3102 manu
590 3041 727 3103 curvato
760 3042 871 3103 tamen
884 3036 895 3076 ¹‘
928 3037 1028 3117 digito
1064 3037 1222 3100 annulum
1258 3037 1434 3113 extuberet,

183 3175 272 3238 papa
311 3154 394 3219 inter
431 3154 573 3236 plurima
615 3153 715 3217 verba
749 3153 907 3217 annulum
941 3153 982 3217 dc
1014 3152 1142 3231 digitot
1177 3152 1277 3233 ipsius
1305 3151 1435 3216 eliciens

185 3270 357 3351 ipsumque
381 3267 511 3333 cuidam
535 3268 595 3331 sibi
619 3263 767 3334 astantih
788 3268 921 3331 tradens
944 3266 1144 3330 subridendo
1168 3265 1267 3329 dixit:
1294 3265 1354 3340 ,Tu
1373 3267 1435 3330 scis

183 3383 293 3465 aliqua
312 3383 352 3446 de
376 3382 609 3463 nigromaneia‚
643 3381 716 3446 vide
746 3382 824 3463 quid
850 3381 934 3445 istud
968 3376 1048 3445 sit‘i.
1097 3381 1135 3444 Et
1171 3380 1288 3445 deinde
1321 3378 1435 3462 papa*

184 3497 358 3563 familiares
381 3517 458 3561 suos
483 3498 585 3561 teneri
615 3502 647 3561 et
671 3497 776 3578 ipsum
802 3496 985 3561 carceribus
1015 3515 1088 3559 cunr
1114 3495 1326 3559 familiaribus
1351 3495 1435 3559 tradi

183 3612 364 3688 mandavit,
388 3613 477 3694 quod
501 3613 546 3676 ila
570 3613 691 3677 factum
715 3616 774 3676 est.
823 3613 894 3676 [luo
918 3616 1030 3676 tamen
1061 3610 1234 3675 familiares
1255 3611 1330 3691 fuga
1358 3631 1435 3675 eva·

183 3733 305 3794 serunt.
362 3727 421 3791 Hic
460 3747 537 3792 roro
575 3748 633 3792 nec
667 3746 732 3791 non
766 3727 940 3791 familiares
974 3727 1043 3791 eius
1075 3745 1223 3791 seorsum
1262 3726 1434 3790 tormentis

183 3843 309 3907 subacti
333 3847 419 3906 sunt.
467 3842 560 3906 t'nde
584 3842 795 3906 revelacionis
819 3843 1033 3911 divinitatem,
1069 3861 1168 3923 quam
1194 3845 1434 3905 tormentorum

183 3959 374 4023 sufferencia
398 3979 433 4021 se
457 3959 636 4022 iactaverat
659 3958 854 4039 approbare,
878 3958 1118 4036 suggestionem
1143 3957 1338 4021 diabolicam
1364 3975 1434 4020 ma·

182 4074 230 4152 gis
254 4096 325 4138 esse
348 4074 513 4139 confessus
538 4077 596 4137 est.
643 4073 726 4137 Cum
756 4073 852 4151 igitur
885 4077 1053 4154 tamquam
1087 4090 1162 4135 reus
1194 4071 1336 4135 criminis
1369 4069 1434 4135 lese

183 4190 363 4257 maiestatis
388 4192 521 4270 propter
544 4188 703 4269 premissa
727 4188 808 4251 foret
833 4186 1027 4268 puniendus,
1061 4186 1336 4251 intercedentibus
1360 4204 1434 4267 pre

262 4409 278 4436 ⁸⁸
298 4400 467 4466 praesentem
487 4392 607 4457 (Druck).
655 4391 785 4444 burriel·
804 4393 952 4462 applicaret
971 4393 1175 4445 ‹larclrsrrirlrcn
1197 4390 1263 4447 l’ad.
1315 4402 1328 4429 ⁰
1352 4407 1384 4442 eo
1404 4388 1433 4444 L.

183 4485 247 4539 Pad.
334 4483 349 4523 ‘¹
370 4486 422 4537 ista
451 4481 570 4548 (Druck).
653 4493 766 4550 vquem
782 4480 904 4544 (llrnelr'.
986 4480 998 4521 s
1023 4483 1094 4532 ‹teesr
1119 4482 1179 4534 Par.
1269 4477 1432 4531 vanuulurn

172 4573 321 4627 exhiberet
344 4603 371 4610 —
399 4572 484 4640 digito
512 4575 582 4623 ‹lccxr
611 4571 676 4625 Pad.
705 4569 733 4626 ft.
757 4569 879 4636 (Druck).
962 4568 977 4613 ¹¹
999 4569 1049 4623 sibi
1082 4569 1183 4623 astanti
1212 4571 1282 4622 derat
1311 4564 1433 4625 lumen.

181 4662 188 4705 i
218 4662 270 4717 scit
290 4661 355 4716 l’ad.
429 4660 535 4714 linea
556 4659 620 4715 Pal
