3390 5160
743 342 773 349 ..
812 314 865 369 202
904 343 936 352 .-

215 469 393 549 prebensus
426 468 572 532 custodie
606 469 824 549 araricipatur‚
858 475 890 535 et
920 471 962 535 de
994 471 1078 535 sacto
1112 470 1228 534 veneni
1253 470 1464 548 iuterrogatus

215 603 323 646 coram
349 583 485 646 notariis
508 588 540 646 et
564 583 710 661 testibus,
741 586 891 665 pulveres
915 585 996 661 illos,
1029 604 1112 667 quos
1143 585 1293 650 officialis
1326 586 1464 666 prelatus

216 698 247 760 in
273 697 400 760 cibariis
425 698 491 760 suis
516 699 693 775 invenerat,
728 720 889 765 venenum
915 700 1012 765 luisse
1040 704 1072 764 et
1095 699 1226 764 abbatis
1259 699 1465 763 ordinacione

216 812 417 876 ministratos
442 813 565 877 luissen
586 815 751 878 confessus
775 819 834 890 est,
864 836 899 879 se
924 819 1034 880 tamen
1059 835 1078 878 a
1102 832 1263 879 consensu
1288 814 1366 878 iacti
1390 813 1467 877 illius

216 928 398 991 conabatur
422 947 588 1005 excusare,
622 929 774 1011 quamvis
807 930 1025 994 confitebatur
1056 949 1091 993 se
1123 928 1216 1004 scire,
1251 928 1342 1010 quod
1375 947 1466 991 corus

216 1042 345 1106 abbatis
362 1047 448 1119 turre,
466 1043 599 1123 quando
617 1064 682 1109 una
697 1065 808 1108 secum
823 1045 957 1107 domum
979 1043 1196 1108 habitacionis
1209 1043 1358 1108 alliciatis
1373 1043 1466 1106 intra·

218 1161 318 1233 verat,
348 1156 463 1221 habuit
492 1158 692 1222 voluntatem
718 1159 868 1239 pulveres
897 1159 968 1222 illos
994 1158 1073 1222 cibis
1105 1157 1252 1222 officialis
1280 1157 1466 1222 immiscere.

325 1271 391 1334 Isto
415 1292 503 1336 anno
528 1273 558 1336 in
584 1273 811 1338 marchionatu
836 1275 988 1339 Misnensi
1022 1274 1054 1338 in
1086 1272 1186 1355 opido
1219 1272 1467 1353 Sangberbusen

218 1386 311 1449 multi
335 1386 467 1452 heretici
492 1387 685 1469 deprehensi
714 1393 799 1467 sunt,
829 1389 884 1470 qui
917 1389 1072 1454 articulos
1103 1387 1329 1471 infrascriptos
1360 1391 1467 1452 contra

219 1501 315 1565 sidem
341 1500 533 1565 catholicam
559 1505 734 1566 tenuerunt
750 1507 782 1567 et
797 1503 921 1567 occulte
943 1503 1134 1567 docuerunt.
1168 1501 1298 1566 Primus
1318 1501 1467 1566 articulus

219 1594 298 1692 erat,
312 1616 399 1697 quod
410 1619 499 1680 secta
515 1636 627 1680 eorum
638 1618 753 1681 iratres
764 1617 995 1696 Flagellatores
1009 1635 1066 1681 seu
1077 1614 1292 1682 Crucitratres
1302 1615 1466 1685 diceretur.

219 1734 252 1793 et
275 1729 430 1809 originem
457 1729 630 1795 habuerint
654 1752 692 1795 ex
713 1732 909 1812 quibusdam
930 1731 1097 1813 scripturis
1120 1750 1179 1812 per
1193 1730 1330 1811 angelos
1344 1735 1467 1794 sanctos

219 1864 317 1926 super
350 1845 452 1909 altare
476 1846 579 1910 sancti
614 1845 700 1909 Petri
724 1845 830 1910 Rome
860 1846 986 1911 delatos
1019 1845 1103 1910 circa
1136 1865 1261 1910 annum
1294 1843 1468 1909 nativitatis

220 1959 338 2023 Christi
367 1956 487 2023 13481‘.
526 1959 620 2024 Unde
643 1960 703 2041 ipsi
727 1960 833 2041 primo
858 1960 911 2024 illo
931 1963 1078 2042 tempore
1096 1979 1156 2041 per
1170 1958 1332 2023 mundum
1351 1958 1467 2022 discur-

220 2077 328 2138 rentes
352 2094 386 2139 se
410 2074 543 2153 flagellis
567 2074 763 2138 ceciderunt.
793 2073 887 2138 Unde
911 2078 944 2139 et
967 2074 1128 2151 dixerunt,
1152 2071 1242 2155 quod
1257 2073 1313 2138 illo
1328 2077 1468 2156 tempore

223 2191 308 2253 Deus
333 2188 521 2252 Romanum
547 2189 734 2270 pontificem
760 2192 950 2270 ceterosque
975 2188 1118 2270 prelatos
1142 2187 1335 2265 licenciavit‚
1359 2208 1401 2252 ne
1417 2188 1469 2252 de·

222 2303 331 2384 inceps
354 2302 476 2384 populo
500 2302 677 2366 christiano
697 2306 873 2383 preessent,
890 2322 1011 2384 eosque
1030 2302 1119 2366 omni
1139 2301 1337 2367 auctoritate
1354 2301 1469 2382 ligandi

221 2421 321 2499 atque
345 2416 490 2481 solvendi
515 2421 573 2481 aut
596 2435 807 2497 quascunque
827 2436 878 2480 res
902 2415 1112 2480 consecrandi
1136 2415 1287 2497 privavit.
1330 2414 1416 2481 Nam
1438 2420 1472 2479 ui

223 2530 253 2593 iu
279 2530 467 2611 expulsione
491 2530 732 2609 negociatorum
758 2529 799 2594 de
824 2530 944 2611 terrrplo
964 2530 1112 2594 Christus
1129 2532 1265 2611 propter
1284 2529 1470 2595 maliciam‘

222 2645 428 2708 sacerdotum
463 2645 579 2708 abiecit
613 2649 644 2708 et
677 2644 860 2725 repudiarit
893 2645 1116 2709 sacerdocium
1149 2643 1330 2719 ludoicum,
1366 2645 1410 2708 ita
1443 2645 1472 2708 in

224 2761 361 2823 transitu
385 2759 618 2824 Crucilratrum
652 2763 784 2841 propter
816 2759 1022 2822 sacerdotum
1066 2758 1249 2840 nequiciam
1295 2757 1473 2823 licenciarit

224 2876 309 2939 Deus
344 2878 376 2939 et
401 2873 518 2937 abiecit
541 2875 762 2938 sacerdocium
789 2873 1020 2953 evangelicum,
1054 2876 1086 2937 et
1118 2873 1163 2937 sic
1186 2893 1243 2938 sex
1267 2878 1474 2938 sacramenta

224 2990 354 3055 ecclesie
379 2993 599 3053 cessaverunt.
642 2961 681 3051 itt
704 2991 945 3053 sacramentum
971 2987 1169 3051 matrimonii
1193 3007 1252 3069 per
1275 2988 1477 3053 benedictio·
1493 2966 1547 3074 {fii

223 3126 298 3169 nem
323 3108 356 3168 et
379 3103 624 3185 solempnitates
649 3103 780 3167 ecclesie
804 3122 869 3166 non
896 3102 1060 3166 extollitur
1082 3102 1142 3165 sed
1165 3101 1271 3183 magis
1294 3103 1474 3168 detedatur.

224 3219 304 3283 Item
329 3219 449 3294 dicunt,
474 3218 562 3300 quod
584 3219 615 3281 in
636 3219 774 3282 transitu
790 3216 1034 3293 Crucifratmm,
1051 3215 1199 3281 videlicet
1217 3216 1352 3298 quando
1371 3223 1475 3281 trans·

225 3335 351 3398 iverunt
394 3333 498 3413 primo
541 3352 598 3414 per
639 3333 813 3408 numdum,
852 3350 946 3396 cruce
987 3330 1182 3412 precedente
1230 3350 1303 3408 eos,
1344 3331 1476 3412 flagellis

224 3449 352 3531 publice
376 3470 410 3511 se
435 3446 638 3525 flagellando,
664 3447 713 3509 lex
739 3445 892 3527 baptismi
927 3446 957 3508 in
982 3464 1069 3526 aqua
1092 3443 1322 3526 deponebatur
1356 3467 1377 3511 a
1410 3446 1475 3510 neo

225 3569 257 3627 et
281 3564 330 3627 lex
354 3562 508 3643 baptismi
534 3562 564 3624 in
599 3561 730 3642 proprio
754 3560 911 3639 sanguine
943 3559 1182 3623 instituebatur.
1229 3557 1325 3624 Unde
1348 3560 1473 3624 dicunt:

225 3700 298 3743 cum
332 3678 479 3743 Christus
519 3678 551 3741 in
592 3675 707 3741 Chana
741 3675 863 3739 Galilee
896 3675 981 3738 eirca
1016 3674 1114 3737 finem
1147 3672 1286 3738 convivii
1319 3674 1474 3757 nupcialis

225 3814 346 3876 aquam
372 3792 510 3856 mutavit
542 3792 573 3854 in
608 3792 718 3855 vinum
751 3789 899 3866 rubeum,
931 3788 1123 3869 designavit,
1157 3786 1356 3869 quodcirca
1380 3788 1472 3852 tinem

227 3907 338 3972 mundi
363 3906 544 3988 baptismus
569 3926 655 3987 aque
684 3907 715 3969 in
748 3904 946 3986 baptismum
979 3901 1144 3982 sanguinis
1177 3900 1298 3967 mutari
1333 3900 1472 3967 deberet.

227 4025 265 4088 Et
289 4023 371 4087 sicut
397 4021 505 4084 vinum
531 4022 668 4085 rubeum
692 4039 750 4101 pre
770 4018 858 4081 omni
882 4016 958 4080 vino
982 4016 1072 4100 prius
1095 4015 1203 4098 posito
1227 4014 1472 4081 convivantibus

227 4138 329 4216 magis
353 4136 484 4217 placuit,
515 4136 559 4200 ita
583 4155 668 4199 nora
692 4133 742 4198 lex
776 4131 928 4214 baptismi
961 4128 1129 4211 sanguinis
1160 4128 1229 4194 Deo
1261 4147 1321 4211 pre
1353 4128 1471 4195 cunctis

228 4253 350 4331 legibus
374 4255 466 4328 grata
491 4250 607 4321 existit,
633 4252 664 4311 et
689 4248 733 4310 sic
758 4250 832 4327 post
857 4245 1037 4328 predictum
1061 4243 1235 4307 transitum
1259 4261 1358 4308 nemo
1381 4260 1472 4308 verus

227 4367 430 4430 (llrristianus
455 4364 512 4427 luit
537 4384 595 4425 uec
621 4364 740 4425 intrare
764 4361 871 4441 potuit
895 4378 1030 4439 regnum
1055 4358 1208 4435 celorum,
1231 4355 1293 4420 nisi
1319 4357 1377 4439 qui
1401 4375 1472 4440 pro·

315 4558 330 4586 ⁸
351 4552 378 4598 et
399 4577 428 4582 —
451 4545 534 4598 luieee
554 4547 623 4594 «tuat
645 4539 699 4593 l‘ad
779 4537 966 4593 boccxttll
996 4536 1119 4601 tDruekl.
1187 4535 1472 4591 ⁰oorlrerlioencin

227 4636 430 4689 duretur-tehen
450 4632 507 4687 Pad
