3390 5160
694 313 868 376 -01-

154 475 340 563 baptizatus
371 475 559 544 Alexander
591 480 726 543 vocatus
760 482 819 556 est,
853 483 885 542 et
918 478 1020 543 multe
1053 475 1185 544 ecclesie
1219 477 1251 542 in
1278 476 1405 543 Litovia

154 590 315 659 innodate·
344 596 431 657 sunt.

262 707 358 772 Anno
382 705 512 771 Domini
539 706 623 771 1396
647 707 768 771 iactum
793 711 843 771 est
866 707 988 771 bellum
1012 711 1105 771 sexto
1129 706 1199 771 Kal.
1216 707 1367 771 Octobris
1382 706 1406 790 ¹)
1435 723 1493 763 1³⁹⁶.

154 821 238 887 inter
259 839 370 901 regem
395 821 537 901 Ungarie
560 825 593 885 et
606 838 716 900 regem
731 821 936 886 Thnrcorum
952 821 1041 904 apud
1057 821 1172 885 urbem
1192 821 1368 887 Schiltowe
1379 817 1406 898 l’,

153 954 219 1020 que
240 935 329 1019 apud
362 936 482 1001 Grecos
514 935 679 1017 Nicopolis
703 941 848 1012 vocator,
884 936 926 1000 de
958 955 1025 1018 qua
1058 936 1205 1001 Iordanis
1234 935 1406 1017 episcopus

152 1051 199 1116 sic
220 1049 298 1116 dicit
311 1050 355 1134 ²):
387 1050 550 1116 Traianus
573 1051 753 1132 imperator
776 1051 868 1114 victis
891 1050 1050 1115 Sarmatis
1073 1049 1218 1114 condidit
1240 1050 1405 1113 civitatem

98 1165 188 1269 'stin
209 1164 328 1231 Τηεία
351 1169 385 1230 et
416 1166 546 1230 vocavit
579 1186 650 1231 eam
677 1165 870 1247 Nicopolim,
904 1165 936 1229 id
967 1169 1016 1228 est
1039 1165 1229 1230 civitatem⁰
1262 1165 1405 1241 victorie,

154 1283 188 1345 et
217 1281 268 1343 esi
304 1278 347 1344 de
393 1279 541 1362 partibus
583 1279 743 1360 Vulgarie.
817 1280 900 1343 Cum
951 1283 1062 1344 antem
1105 1278 1225 1344 Thurci
1268 1278 1407 1359 [fugaris

153 1412 212 1477 per
241 1413 346 1459 annos
378 1394 590 1476 precedentes
627 1393 803 1476 plurimum
846 1395 979 1459 luissent
1018 1394 1125 1458 infesti
1162 1398 1194 1458 et
1233 1393 1406 1459 nonnullas

154 1512 258 1573 terras
282 1509 372 1590 regni
396 1507 537 1590 Ungarie
560 1513 787 1590 occupassent,
812 1509 1040 1589 Sigismundus
1063 1529 1119 1573 rex
1143 1508 1286 1590 Ungarie
1320 1507 1406 1573 litte·

154 1640 207 1689 ns
230 1642 309 1689 suas
327 1622 457 1704 regibus
481 1627 511 1685 et
536 1623 736 1705 principibus
760 1622 944 1688 christianis
969 1623 1043 1687 hinc
1068 1622 1143 1687 inde
1158 1623 1276 1687 direxit
1291 1625 1405 1705 petens

153 1737 274 1803 auxilia
297 1741 411 1803 contra
440 1737 599 1802 Thurcos.
657 1737 750 1801 Unde
783 1737 913 1819 plurimi
947 1738 1108 1820 principes
1145 1742 1174 1802 el
1209 1738 1335 1802 nobiles
1367 1758 1405 1802 oe

152 1851 205 1919 elii
229 1852 386 1917 militares
409 1856 632 1917 convenerunt
655 1852 698 1916 ad
723 1871 808 1916 eum.
855 1853 1004 1934 Cumque
1032 1857 1230 1933 congregato
1262 1853 1404 1917 exercitu

153 1967 283 2033 transiit
316 1966 512 2044 Danubium,
547 1966 810 2050 Momchbackyn
844 1985 900 2031 rex
934 1967 1139 2031 Thurcoruin
1174 1971 1206 2031 et
1240 1966 1405 2050 lloyzacli·

152 2081 281 2166 διάγῃ
313 2081 399 2146 lilius
431 2081 501 2146 eius
533 2081 576 2145 ad
610 2080 732 2145 bellum
756 2101 795 2145 ex
823 2081 962 2146 adverso
986 2101 1021 2146 se
1044 2079 1249 2164 preparantd
1282 2087 1404 2146 elnon

152 2197 257 2263 solum
292 2197 414 2262 viribus
446 2196 505 2261 sed
538 2195 641 2261 eciam
673 2196 806 2261 tallociis
836 2196 964 2261 vincere
992 2200 1156 2276 satagunt.
1205 2196 1287 2261 Nam
1312 2196 1405 2278 palos

152 2318 268 2379 acutos
290 2311 414 2393 ligneos
436 2330 496 2393 per
518 2330 672 2394 campum
706 2311 790 2376 inter
820 2311 919 2376 rubos
952 2312 1046 2393 quasi
1079 2331 1138 2393 per
1170 2312 1232 2376 triu
1266 2313 1403 2377 miliaria

152 2426 292 2492 dremnt
316 2427 348 2490 in
373 2431 505 2503 terram,
528 2430 561 2490 et
585 2426 664 2489 ubi⁰
691 2445 756 2490 iion
780 2425 876 2507 plene
899 2426 988 2490 rubis
1010 2425 1270 2503 occultabantur,
1295 2446 1404 2491 rainos

152 2542 306 2608 orborum
336 2542 479 2623 precisos
502 2540 549 2605 eis
571 2542 780 2623 prellxerunt.
841 2542 990 2623 Cumque
1027 2560 1083 2605 rex
1117 2541 1257 2620 Ungorie
1289 2562 1404 2624 exper-

152 2660 260 2721 torum
284 2656 419 2721 consilio
441 2656 528 2721 ocies
551 2655 703 2719 ordinare
726 2655 932 2730 decrevisset,
970 2660 1000 2719 el
1038 2656 1188 2737 princeps
1213 2656 1401 2733 Waliacliie,

152 2770 207 2854 qui
231 2768 380 2837 vicinus‘
410 2769 550 2834 Thurcis
581 2770 742 2836 habitavit
765 2774 797 2834 et
822 2790 929 2834 mores
952 2789 1066 2834 eorum
1101 2771 1132 2834 in
1167 2771 1258 2834 bellis
1291 2791 1402 2853 prece·

152 2884 305 2951 (lentibus
328 2886 423 2952 annis
446 2890 561 2950 contra
584 2906 620 2951 se
643 2885 742 2966 gestis
765 2890 913 2960 noverat,
937 2885 1043 2967 primo
1064 2886 1184 2949 bellum
1204 2890 1402 2969 attemptare

152 3000 312 3084 periisset,
336 2999 535 3080 francigene
559 3019 632 3064 eum
656 3000 733 3076 suis,
758 3001 784 3063 si
804 2999 866 3065 hoc
889 3000 936 3063 cis
959 3019 1024 3064 non
1049 3000 1292 3076 concederetur,
1325 3002 1402 3066 esti·

152 3118 281 3183 manto
304 3135 340 3182 se
362 3115 534 3198 despectos
557 3115 588 3179 in
613 3114 674 3180 hoc
697 3115 881 3180 consentire
904 3116 1110 3187 recusabant,
1145 3120 1177 3179 et
1200 3116 1325 3198 absque
1349 3136 1402 3181 or·

152 3230 227 3297 dine
248 3234 424 3314 oportuno,
448 3249 523 3309 rege
547 3230 728 3311 ignorante,
743 3229 892 3294 Thurcos
906 3230 1150 3312 aggrediuntur.
1181 3230 1289 3296 Prima
1306 3232 1403 3312 igitur

151 3344 355 3413 Thurinorum
380 3344 450 3411 acie
469 3349 634 3427 prostrata
658 3345 722 3410 alia
745 3344 887 3427 quedam
913 3363 989 3426 pars
1013 3345 1172 3410 exercitus
1195 3346 1400 3412 'llinrcomm

152 3461 261 3545 lugam
294 3460 426 3526 simulat
458 3465 490 3525 et
523 3479 581 3542 per
604 3464 692 3524 certa
722 3459 793 3524 loca
817 3460 900 3524 inter
924 3460 1016 3542 palos
1040 3460 1203 3543 predictos
1236 3462 1278 3527 ao
1313 3462 1402 3526 hoct

151 3576 309 3660 disposita
339 3575 478 3651 uansiit
514 3594 597 3658 quos
629 3574 802 3639 Christiani
835 3594 894 3658 per
917 3595 1069 3657 emnpnm
1103 3577 1196 3658 quusi
1231 3577 1400 3654 sopientes,

151 3692 323 3757 &uiolatis
362 3691 454 3773 souis
485 3690 676 3763 calcaribus,
715 3696 938 3772 persecuntur.
995 3691 1032 3754 Et
1072 3690 1150 3754 dum
1190 3712 1224 3756 se
1263 3693 1401 3756 credunt

152 3824 309 3890 equorum
333 3806 456 3888 impetu
481 3806 580 3869 rubos
604 3805 742 3870 transire
766 3805 930 3887 parvulos,
965 3806 995 3869 in
1025 3805 1118 3887 palos
1143 3806 1174 3869 in
1200 3810 1286 3870 terra
1320 3808 1401 3872 llxos

152 3921 307 3999 incidunt,
330 3941 390 3985 nec
413 3918 489 3985 est¹¹
518 3922 565 3984 eis
589 3920 727 3984 incultos
749 3920 946 4000 procedendi
971 3940 1029 3984 nee
1053 3922 1156 3984 eciam
1181 3927 1316 4003 propter
1339 3924 1400 3988 irn-

154 4060 343 4071 ———--

255 4157 272 4186 ι
290 4141 404 4199 fundae
423 4142 488 4197 Pud.
562 4141 577 4180 l’
596 4141 758 4195 Schiilouwe
784 4143 843 4197 Pur.
918 4157 930 4183 ⁰
954 4145 1020 4195 nmio
1049 4144 1133 4197 civilu
1160 4147 1249 4210 [thien
1275 4149 1302 4197 in
1322 4146 1399 4202 cm.

152 4237 214 4287 reci
241 4236 355 4288 Bldtter.
463 4231 479 4272 ⁴¹
500 4237 642 4302 properent
676 4232 740 4285 l'ad.
831 4244 844 4271 θ
868 4234 963 4284 nolon·
996 4232 1070 4285 verbi
1099 4235 1304 4286 ‹lnrclutrirlaen
1335 4234 1399 4290 l'rd.

153 4320 283 4378 ‘vicinis
301 4320 366 4375 Pio.
404 4321 519 4374 vicinius
538 4320 597 4374 Por.
670 4319 772 4373 “haec
797 4319 918 4384 (Druck).
992 4318 1006 4360 ¹¹
1037 4321 1127 4374 ll’ar.

259 4520 277 4583 ¹)
298 4521 356 4574 Dan
375 4525 446 4570 mire
464 4537 507 4569 om
529 4525 570 4570 26,
591 4519 748 4585 Septeinlier,
777 4518 952 4569 iliano-nint·
972 4521 1043 4583 snm!
1070 4523 1114 4570 die
1138 4522 1263 4572 senlacio
1292 4541 1335 4573 om
1357 4532 1399 4576 27⁴.

155 4608 303 4677 immin
320 4617 392 4660 soriti.
466 4607 601 4673 ⁷)tieticr
619 4624 642 4659 c.
662 4604 751 4658 xt'llt
774 4604 843 4662 iton.
862 4607 952 4661 lierni.
972 4609 1051 4662 eluet.
1070 4613 1124 4663 ant.
1147 4608 1177 4662 l'.
1203 4615 1221 4664 l.
1247 4617 1273 4663 θ’.
1294 4617 1335 4664 ai.
