3390 5160
650 375 678 385 -
722 344 773 401 175
810 370 855 383 -·

155 423 225 482 nee.
244 424 279 482 Α.

120 524 336 590 lomicaeione
369 544 442 588 cum
476 524 620 606 quodam
658 523 837 605 presbitero
871 523 978 599 iacuit,
1011 522 1068 586 sed
1097 523 1257 605 presbiter
1280 542 1370 588 vere·

119 638 239 703 cundia
261 640 404 703 suffusus
427 638 513 703 bunc
536 642 668 720 partum
692 639 817 720 absque
841 659 875 702 se
899 638 1020 701 tactum
1046 658 1116 701 esse
1139 638 1230 715 dixit,
1254 657 1371 720 ‹iriam-

121 752 169 817 ris
192 752 274 817 alias
297 772 435 835 puerum
460 753 502 816 ab
526 752 642 818 eadem
667 752 802 817 muliere
826 751 978 834 suscepit.

228 867 350 932 Eodem
374 887 461 932 anuo
486 868 518 932 in
542 887 654 933 mense
678 867 779 949 Aprili
803 871 916 931 natum
952 871 1000 930 est
1029 871 1210 931 monstrum
1237 867 1267 930 in
1292 867 1370 931 eivi-
1386 876 1535 932 ramnum.

120 985 189 1047 tate
221 981 477 1060 padeburnensi,
511 982 659 1047 videlicet
691 981 838 1061 granelle,
880 1001 944 1063 que
964 982 996 1045 in
1029 986 1159 1063 pectore
1192 987 1224 1045 et
1259 985 1370 1046 ventre

118 1115 238 1179 eorpus
261 1116 362 1161 unum
387 1097 554 1162 habebant
578 1096 719 1161 brachiis
743 1116 778 1159 se
801 1097 995 1160 alterutrum
1019 1096 1265 1178 amplectentes.

227 1211 364 1294 Propter
387 1211 573 1276 luriusmodi
598 1216 825 1294 portentorum
850 1214 957 1274 ortum
987 1211 1076 1275 iuxta
1109 1211 1260 1274 historias
1292 1210 1369 1274 olim

119 1326 320 1409 conscriptas
344 1325 417 1391 huic
441 1327 512 1391 loeo
543 1327 664 1390 malum
699 1330 890 1390 eventurum
925 1325 1133 1407 presumitur,
1165 1325 1253 1410 quod
1287 1325 1371 1389 veri·

118 1440 224 1506 simile
247 1446 316 1515 est;
350 1462 427 1507 nam
451 1441 603 1505 dominus
627 1440 819 1505 ll'illrelums
851 1440 973 1504 electus
1003 1440 1220 1522 supradictus,
1253 1460 1371 1522 quam·

119 1554 168 1619 vis
183 1559 271 1619 etate
294 1555 429 1634 iuvenis,
453 1560 563 1620 tamen
587 1555 751 1619 seniorum
776 1555 910 1636 cupiens
935 1553 1052 1618 imitari
1079 1553 1213 1635 vestigia
1230 1558 1370 1635 templa·

119 1669 166 1733 rit
198 1670 375 1736 relonnare
407 1675 529 1734 statum
563 1669 743 1749 regularem
778 1669 967 1733 monasterii
991 1674 1179 1733 sauctorum
1219 1667 1306 1732 Petri
1339 1671 1372 1731 et

119 1783 213 1849 Pauli
245 1784 508 1850 padeburnensis
541 1789 572 1850 et
606 1786 637 1849 in
671 1785 733 1849 boc
767 1784 899 1865 pertulit
932 1783 1148 1848 adversitates
1181 1784 1273 1848 leret
1303 1787 1370 1847 tam

118 1898 224 1963 tocius
246 1898 322 1964 cleri
346 1919 445 1982 quam
470 1899 580 1981 populi
605 1919 671 1963 nou
704 1899 809 1963 solum
843 1897 993 1975 ciuitatis,
1020 1917 1130 1961 verum
1165 1899 1269 1961 tocius
1301 1897 1372 1961 dio·

101 2013 216 2089 tresis,
239 2014 327 2079 unde
351 2015 469 2078 iudicio
503 2034 576 2078 meo
602 2015 652 2077 vix
686 2014 727 2079 de
764 2018 834 2077 toto
864 1984 950 2079 clero
973 2012 1113 2077 civitatis
1145 2016 1211 2076 tres
1245 2012 1276 2074 in
1310 2011 1371 2074 boc

119 2128 180 2192 sibi
204 2147 285 2210 pure
309 2133 543 2193 caumas-erunt
567 2133 596 2193 et
621 2128 662 2191 de
686 2128 774 2191 laicis
798 2127 1004 2209 paucissimi:
1047 2145 1158 2209 yrurno
1192 2143 1372 2207 proconsu-

120 2242 168 2307 les
190 2246 222 2305 et
246 2243 396 2307 consules
420 2243 613 2308 resistebant
637 2243 698 2305 sibi
723 2242 843 2323 palam,
868 2245 1051 2306 asserentes
1076 2240 1369 2305 incarceraciomm

121 2357 357 2422 monachorum
382 2377 448 2422 nou
472 2377 543 2422 esse
567 2357 800 2421 correctionem
826 2357 1062 2421 monachorum
1088 2356 1145 2419 sed
1166 2354 1370 2429 violenciam,

120 2490 220 2554 quam
244 2491 311 2535 non
335 2471 443 2536 liceret
467 2492 523 2536 eos
547 2468 743 2545 sustineret,
768 2471 854 2535 uude
879 2471 966 2535 idem
991 2469 1144 2534 dominus
1173 2468 1294 2533 electus
1327 2468 1371 2531 ci·

122 2587 200 2651 tavit
229 2606 286 2651 eos
317 2587 359 2651 ad
393 2587 516 2665 maium
542 2585 781 2661 consistorium,
805 2584 1051 2667 propterquod
1076 2584 1108 2648 in
1133 2583 1369 2647 dissensionem

122 2699 213 2765 multi
237 2700 278 2765 de
301 2700 438 2764 subditis
460 2700 528 2764 suis
551 2701 645 2763 tracti
669 2704 745 2763 sunt
769 2703 801 2764 et
826 2699 857 2763 in
882 2699 935 2764 illa
959 2701 1179 2780 perseverant.

228 2815 326 2879 Anno
363 2815 490 2879 Domini
528 2815 675 2896 proxime
711 2813 876 2896 preterito,
916 2813 1061 2877 videlicet
1091 2815 1185 2886 lltltl,
1219 2813 1373 2877 dominus

122 2928 243 2994 electus
266 2932 410 3012 prelatus
429 2929 549 3012 incepit
568 2930 744 2994 relormare
765 2929 998 2993 monasterium
1025 2929 1056 2992 iu
1077 2928 1246 3003 lludikmn,
1266 2932 1373 2991 trans·

123 3042 255 3109 terendo
279 3044 355 3108 illud
379 3045 420 3109 de
443 3049 530 3108 statu
555 3045 786 3109 canonicarum
810 3043 1003 3108 secularium
1028 3043 1071 3108 ad
1091 3047 1214 3107 statum
1238 3043 1373 3106 eanoni-

121 3178 234 3223 corum
258 3160 453 3237 regularium
479 3160 648 3240 presertim
673 3159 812 3227 illorum.
836 3178 976 3241 quorum
1001 3162 1107 3222 status
1131 3162 1163 3220 et
1188 3159 1253 3221 vita
1268 3176 1373 3239 quau·

123 3278 191 3337 lum
216 3272 258 3337 ad
282 3273 494 3338 devociouem
519 3278 550 3337 et
574 3273 819 3337 oliservamriam
852 3273 1032 3349 macularent
1057 3271 1280 3336 uartlrusiensi
1314 3291 1374 3352 par

122 3408 193 3451 esse
226 3388 406 3461 videbatur,
440 3393 469 3451 el
504 3388 565 3451 hoc
598 3388 662 3452 tere
695 3388 754 3451 toti
790 3387 876 3451 clero
908 3391 939 3451 et
974 3387 1083 3450 uuiltis
1109 3386 1151 3451 de
1174 3386 1296 3468 ruipulo
1328 3386 1373 3448 ri·

123 3502 231 3567 vitatis
267 3502 440 3584 displicuit,
473 3507 502 3565 cl
544 3501 745 3584 pririlrarium
790 3500 1016 3566 translacionis
1057 3501 1204 3583 statuitur
1244 3501 1275 3564 in
1315 3500 1373 3563 lua·

124 3617 242 3681 verba:

241 3731 420 3794 ll'illielnms
433 3732 470 3793 dc
482 3731 585 3795 ,ilerda
598 3731 707 3791 cler-lua
720 3730 837 3791 ecclesie
848 3728 1117 3792 l’uderlmrnrrmia
1130 3736 1157 3791 et
1172 3729 1373 3809 merdebantur

122 3847 165 3909 cd
184 3853 367 3931 perpetuum
394 3848 438 3908 rei
463 3847 651 3907 rricrnorium.
702 3846 851 3922 errrruris
876 3844 1005 3907 Domini
1032 3851 1074 3905 eal
1099 3850 1183 3905 terro
1216 3849 1242 3905 cl
1275 3842 1372 3926 pleni·

123 3961 197 4024 ludo
228 3962 304 4039 eiua,
337 3967 419 4022 certa
453 3966 553 4023 litteren
587 3958 652 4019 loru
678 3980 739 4041 pro
770 3958 853 4020 cultu
875 3957 1087 4043 frequcnrr'mi
1118 3980 1172 4020 aar
1204 3958 1374 4020 rrrrriratulia

211 4202 227 4230 ἢ
247 4192 343 4243 rorlrrr
361 4196 417 4242 tam
436 4189 642 4241 ‹lurrlmlrirlnn
700 4184 715 4223 t»
734 4191 787 4251 circs
802 4188 860 4237 dem
878 4189 971 4239 llundr
990 4205 1037 4237 rom
1056 4187 1175 4253 yleirlrrr
1195 4186 1287 4237 Humi.
