3390 5160
745 343 776 352 -
817 313 866 368 184
905 342 935 351 -

252 391 318 444 llee.
338 392 373 445 ll.

215 492 293 554 hore
319 496 484 556 transacto
508 495 618 573 spacio
643 495 819 574 ‹trigrilulum
845 497 1025 557 com'ocato
1049 492 1135 555 clero
1155 491 1294 554 civitatis
1310 489 1457 552 obedien·

215 606 298 668 ciam
324 606 499 670 Alexandri
529 612 756 688 suscepturum
790 629 835 683 se,
870 607 1002 670 domino
1035 606 1138 669 electo
1172 604 1368 685 irrequisito,
1401 621 1459 666 um

214 733 287 804 cum
313 713 398 775 clero
423 714 660 777 determirmvil.
708 717 788 776 llum
815 714 900 776 errim
925 713 1092 776 dominum
1117 711 1256 774 electum
1290 711 1332 774 ad
1367 710 1460 772 retrar-

216 828 397 890 macionem
423 827 629 892 ecclesiastici
655 833 759 891 slatus
784 829 938 893 videbant
963 828 1118 908 aspirare,
1143 846 1183 889 nc
1201 825 1261 907 ipsi
1280 823 1461 890 adlnsionis

215 942 446 1022 armellacinnis
470 943 715 1018 monacbormn,
746 943 800 1025 qui
826 942 1010 1006 huiusmodi
1042 939 1268 1006 relonnacioni
1303 941 1368 1003 iarn
1402 958 1461 1000 non

215 1056 284 1119 sine
317 1055 443 1120 occulto
472 1042 725 1137 conspiracionis
754 1058 897 1121 susurrio
935 1060 1090 1137 ceperunt
1123 1055 1290 1134 refragari,
1323 1057 1462 1118 exsortes

216 1175 432 1245 remanerenl,
459 1170 655 1245 Alexandm,
685 1172 727 1235 ad
757 1191 853 1253 quern
888 1170 1069 1252 appellacio
1102 1169 1290 1250 supradicta
1323 1168 1463 1231 studiose

217 1283 407 1364 interposila
433 1283 603 1347 videbatur
614 1297 639 1360 ⁸,
664 1306 777 1348 omnes
802 1285 999 1348 festinabant
1023 1284 1189 1347 adherere.
1238 1283 1373 1346 Plurimi
1398 1284 1463 1364 ‹mi-

216 1398 290 1461 dem
316 1419 353 1460 ex
380 1398 456 1479 ipsis
480 1399 734 1474 arbitrabantur,
760 1399 848 1481 qnod
875 1400 941 1480 ipse
966 1399 1097 1474 electus,
1130 1402 1301 1479 tamquam
1337 1401 1465 1478 propter

218 1530 325 1590 regem
351 1512 573 1576 obedienciam
600 1514 744 1592 Gregorii
769 1534 833 1577 non
860 1514 1041 1586 relicturus,
1075 1533 1133 1595 per
1156 1512 1383 1576 Alexandnnn
1417 1531 1464 1573 ve

219 1626 301 1689 niret
324 1627 460 1698 ecclesia
485 1627 744 1691 Paderburnensi
769 1628 947 1709 privandus
982 1633 1012 1691 et
1046 1628 1090 1690 sic
1124 1627 1263 1708 quisque
1296 1627 1465 1689 correctio·

219 1760 292 1803 nem
317 1741 365 1803 sui
390 1745 495 1804 status
526 1742 670 1805 evitaret.
728 1742 791 1805 Sed
825 1743 1014 1824 priusquam
1049 1741 1184 1806 adbesio
1221 1741 1322 1804 fiebat
1356 1760 1465 1821 supra·

219 1854 314 1926 dicta,
340 1855 491 1918 dominns
515 1856 636 1919 electus
659 1856 699 1919 de.
725 1857 906 1921 intencione
930 1856 1063 1937 capituli
1086 1856 1246 1920 secrecius
1276 1855 1466 1918 informatus

219 1988 277 2050 per
301 1969 411 2033 lideles
435 1970 504 2044 sibi,
530 1970 608 2051 quid
632 1975 715 2034 esset
740 1991 927 2050 gravamen,
954 1972 985 2034 in
1005 1990 1071 2052 quo
1090 1972 1259 2049 gravasset
1280 1969 1467 2035 monachos.

220 2083 463 2163 propterquod
489 2083 548 2164 ipsi
573 2084 787 2164 appellacioni
812 2105 925 2147 eorum
948 2084 1078 2148 vellent
1110 2083 1288 2158 adherere;
1321 2083 1411 2164 qnod
1442 2082 1467 2142 si

219 2196 374 2271 dicerent,
409 2198 477 2279 ipse
510 2202 645 2277 patratus
679 2203 761 2261 essct
797 2198 873 2261 illud
908 2218 1071 2274 revocare,
1105 2220 1125 2262 a
1158 2198 1301 2279 capitulo
1325 2197 1399 2261 lecit
1424 2197 1468 2258 iu·

219 2311 321 2390 quiri:
357 2316 386 2373 et
421 2331 612 2392 responsum
638 2313 772 2375 omnino
805 2333 869 2375 non
895 2312 999 2392 potuit
1023 2312 1180 2376 obtinere.
1225 2311 1349 2376 Deinde
1383 2314 1468 2392 post·

219 2443 318 2506 quam
344 2425 478 2489 adbesio
504 2426 687 2489 buinsmodl
714 2427 797 2490 lacta
823 2428 936 2502 luerat,
961 2427 1076 2490 eodem
1102 2427 1200 2489 modo
1235 2425 1308 2490 lecit
1342 2425 1468 2506 inquiri,

220 2541 336 2603 ilerum
363 2560 475 2603 eorum
501 2541 723 2604 inlonnacioni
749 2545 783 2603 ut
808 2541 896 2622 prius
920 2561 955 2605 se
978 2541 1186 2615 subiciendo;
1209 2544 1242 2605 et
1266 2545 1342 2604 tunc
1368 2540 1419 2603 vix
1442 2539 1469 2601 ei

221 2674 411 2735 responsum
438 2658 495 2725 est,
530 2654 617 2735 quod
652 2656 719 2735 ipse
743 2675 801 2735 per
825 2675 859 2717 se
882 2673 1059 2735 gravamen
1084 2659 1195 2735 posset
1228 2653 1349 2727 videre,
1383 2659 1469 2736 post·

220 2789 319 2849 quam
344 2768 523 2850 appellacio
548 2769 606 2831 sibi
632 2770 713 2832 lorct
740 2769 912 2833 insinuata.
961 2768 1083 2832 Deinde
1112 2768 1222 2832 multis
1256 2769 1471 2833 intercurren-

221 2884 307 2947 tibus
331 2884 524 2948 tractatibus
559 2884 711 2946 dominus
746 2884 867 2946 electus
900 2883 942 2948 ad
977 2883 1199 2947 inductionem
1223 2884 1356 2965 capituli
1382 2903 1472 2947 man·

220 2998 598 3078 daloil10,aquoluil
633 2998 844 3079 appellatum,
878 3009 1030 3061 revocato
1064 2997 1298 3062 monasterinm
1332 2997 1473 3062 secundo

222 3113 304 3193 cepit
331 3112 469 3176 visitare.
517 3112 581 3175 Sed
615 3112 735 3175 abbate
773 3116 804 3174 et
838 3111 1007 3175 monacbis
1040 3131 1105 3175 non
1138 3113 1407 3193 comparentibus
1442 3114 1473 3173 el

221 3227 467 3291 contuumcibns
492 3227 660 3307 reputatis,
685 3227 806 3289 clectus
830 3226 916 3289 aliud
942 3225 1133 3290 mandatnm
1158 3230 1271 3291 contra
1296 3245 1354 3290 eos
1378 3226 1471 3295 misit,

223 3343 253 3404 in
279 3361 343 3422 quo
370 3343 452 3403 inler
475 3347 599 3404 ceteras
631 3362 785 3406 censuras
819 3342 1053 3404 ecclesiasticas
1091 3361 1149 3423 per
1181 3345 1271 3405 certa
1304 3341 1472 3405 intervalla

222 3455 391 3517 distinctas
416 3455 620 3517 interdictum
647 3455 897 3519 ecclesiasticum
924 3456 956 3517 in
976 3455 1057 3531 loca,
1077 3455 1108 3517 in
1122 3451 1137 3491 ¹¹
1156 3454 1275 3535 quibus
1294 3455 1420 3519 abbas‘
1441 3459 1471 3515 et

223 3569 396 3631 rnonacbi''
420 3569 574 3645 degerent
598 3575 627 3631 el
653 3570 694 3633 ad
720 3589 782 3650 qim
807 3569 1006 3645 devenirent,
1036 3569 1186 3649 generale
1221 3566 1422 3643 serebaturl,
1454 3588 1471 3629 a

224 3704 289 3764 quo
324 3684 393 3746 licet
430 3704 488 3764 {uvi
522 3688 614 3764 parte
639 3658 873 3746 nlonarborum
905 3683 961 3746 l'uil
995 3683 1208 3764 crupellalum,
1242 3703 1340 3747 nemo
1366 3688 1472 3747 taurea

223 3799 263 3859 de
288 3797 373 3859 clero
397 3797 587 3878 apellarioni
615 3799 740 3860 illormn
765 3798 902 3862 adhesit.
945 3797 1009 3859 Sed
1043 3797 1147 3862 abbas
1171 3799 1203 3860 et
1236 3797 1387 3860 nronaclri
1420 3816 1473 3859 ex·

224 3912 453 3974 communicati
480 3912 762 3976 ‹lenuncialmntur
786 3932 843 3993 per
867 3911 1019 3975 ecclesias
1044 3910 1196 3991 singulae,
1221 3915 1254 3975 et
1272 3929 1333 3992 per
1351 3915 1472 3991 septem

226 4047 352 4089 rmnses
377 4027 564 4089 cordianum
592 4027 795 4089 interdictum
820 4026 970 4105 gemaalc
995 4025 1188 4089 servabatur
1219 4042 1279 4106 per
1310 4024 1471 4088 civilatem

225 4141 538 4204 l‘aderluumnscn1.
610 4141 722 4204 Abbas
770 4161 845 4204 vero
891 4141 932 4205 ad
975 4141 1100 4205 ‹arriam
1139 4139 1338 4214 lloumnam,
1376 4158 1470 4221 quam

225 4255 409 4319 Alexander
433 4255 545 4329 terunt,
570 4278 604 4319 sc
631 4256 837 4333 transferens,
872 4256 990 4319 mullos
1018 4254 1240 4337 prodigalibus
1263 4253 1474 4337 sumptibus'

333 4514 348 4541 κ
368 4501 529 4553 videbuntur
564 4502 623 4553 l‘ar.
713 4499 726 4535 l’
749 4504 818 4551 ‹Ire-d
850 4502 877 4557 la.
908 4502 970 4555 l'nd.
1046 4500 1205 4555 ‘monachi
1238 4504 1266 4554 ol
1293 4498 1377 4553 abhas
1413 4498 1477 4551 Par.

261 4589 276 4628 ¹¹
297 4588 468 4642 delerobatnr
487 4588 551 4641 l’ad.
626 4602 639 4627 ⁰
661 4589 777 4656 sumptis
796 4588 860 4642 l’ad.
