3390 5160
683 328 874 385 ..225-

152 484 312 551 deberent
325 485 359 569 ¹).
394 485 602 570 Quapropter
624 490 743 569 quarta
766 485 819 550 die
842 485 963 550 mensis
986 484 1151 549 Febnrarii
1176 483 1252 549 anni
1275 480 1403 548 Domini
1419 502 1471 546 mo
1485 497 1592 547 renea
1617 486 1624 503 ⁴

156 596 242 664 1418
266 599 332 664 duo
356 600 508 666 monachi
545 601 733 666 monasterii
757 599 979 665 Cluniacensis
1011 619 1084 663 cum
1114 598 1274 680 solempni
1307 598 1407 663 corui·

153 713 222 780 tiva
254 713 465 780 Paderbomo
496 719 655 780 venerunt
688 714 730 779 ad
764 714 960 780 visitandum
1004 713 1240 777 monasterium
1276 714 1406 776 sancto·

153 837 254 892 rum·
274 828 360 892 Petri
384 833 417 893 et
439 828 533 895 Pauli
568 830 698 906 ibidem,
733 824 991 911 productisqucb
1020 827 1120 892 literis
1154 825 1342 908 apostolicis
1374 829 1407 889 et

153 939 276 1006 domini
300 942 383 1023 regis
407 962 446 1008 ac
469 943 599 1009 abbatis
622 942 853 1020 CluniacensiS,
883 942 934 1006 cui
959 941 1045 1006 idem
1069 939 1305 1006 monasterium
1330 959 1407 1003 san·

153 1060 280 1120 ciorum
310 1056 395 1121 Petri
419 1063 452 1122 et
475 1057 567 1122 Pauli
592 1078 630 1122 ex
654 1059 703 1121 sui
730 1056 894 1139 primitiva
915 1056 1120 1120 institucione
1139 1059 1189 1120 est
1213 1054 1407 1131 subiectum,

153 1169 196 1236 de
227 1172 422 1238 auctoritaie
444 1172 506 1237 sibi
530 1191 628 1255 super
660 1171 821 1236 materia⁰
855 1170 1051 1236 visitacionis
1086 1171 1261 1235 commissa
1293 1167 1406 1233 abbati

154 1290 187 1351 et
210 1286 379 1352 monacbis
403 1287 521 1351 ibidem
546 1286 676 1368 plenam
701 1286 799 1352 fidem
824 1285 982 1363 faciende,
1014 1284 1263 1350 observanciam
1296 1281 1407 1362 regulo

153 1400 257 1465 sancti
281 1400 446 1466 Benedicti
469 1401 516 1465 eis
538 1400 599 1464 sub
623 1401 751 1481 anagnis
773 1401 866 1484 penis
897 1420 936 1465 eo
967 1399 1077 1478 modo,
1110 1418 1176 1481 quo
1209 1398 1241 1461 in
1279 1396 1405 1478 prelato

153 1515 352 1580 monasterio
375 1515 579 1581 Cluniacensi
602 1520 761 1593 servatur,
784 1535 844 1598 per
859 1515 970 1580 omnia
985 1509 1190 1580 tenendamd
1212 1511 1407 1587 indixenrnt,

153 1648 304 1711 expresse
328 1629 532 1707 intumentes
555 1629 677 1695 eisdem
701 1650 760 1713 per
783 1629 1018 1706 obedienciam,
1042 1629 1132 1712 quod
1165 1627 1225 1710 ipsi
1249 1625 1404 1707 deinceps

153 1744 216 1809 tria
238 1744 470 1811 substancialia
493 1745 721 1823 monachatus,
746 1745 893 1811 videlicet
917 1744 1162 1810 abdicacionem
1186 1739 1405 1824 proprietatis,

153 1859 335 1923 castitatem
359 1863 393 1923 ct
416 1858 639 1925 obedienciam
664 1864 742 1926 ante
765 1861 877 1925 omnia
900 1863 1079 1935 servarent,
1113 1863 1145 1922 et
1174 1855 1263 1938 quod
1297 1854 1329 1918 in
1354 1872 1405 1918 re-

153 1971 286 2037 fectorio
309 1973 404 2039 simul
428 1976 655 2051 reficerentur;
680 1975 832 2041 carnibus
856 1995 921 2039 uon
945 1975 1006 2038 uisi
1030 1972 1149 2038 infirmi
1173 1971 1404 2053 pascerentur;

153 2085 319 2151 silencium
344 2087 376 2152 in
402 2087 479 2152 locis
502 2089 619 2153 debitis
651 2093 837 2162 servarenl;
871 2089 968 2153 cellas
1002 2089 1033 2152 in
1066 2087 1181 2152 ostiis⁰
1212 2089 1405 2154 fenestratas

154 2199 312 2265 haberent
336 2221 396 2266 nec
419 2202 509 2267 lectis
533 2204 575 2268 de
598 2204 718 2285 plumis
751 2201 893 2286 neques
928 2203 1069 2268 camisiis
1102 2202 1194 2266 lineis
1226 2205 1405 2277 uterentur,

156 2317 189 2379 et
225 2315 312 2396 quod
347 2315 453 2380 nullas
485 2317 637 2382 mulieres
669 2321 762 2399 septa
796 2317 983 2383 monasterii
1017 2316 1138 2381 intrare
1169 2316 1406 2398 permitterent.

154 2427 221 2493 Hec
250 2429 360 2493 omnia
393 2429 496 2495 abbas
529 2433 562 2495 ct
594 2431 745 2496 monachi
778 2431 974 2496 redimentes
1009 2435 1137 2513 ternpus
1169 2430 1404 2512 acceptabanl;

153 2563 195 2608 an
228 2549 338 2609 autem
367 2564 443 2610 vere
476 2545 526 2610 vel
559 2546 720 2623 simulate,
759 2565 867 2612 reruni
902 2545 1080 2629 probabil¹
1100 2551 1246 2610 eventus.
1294 2544 1407 2609 Abbas

153 2662 264 2723 aulem
289 2678 417 2724 menses
441 2664 583 2744 quotuor
606 2665 680 2741 post
703 2659 765 2724 boc
789 2660 987 2726 inhumanis
1006 2658 1533 2742 perseveransundecimamrn,

153 2772 205 2836 die
228 2773 349 2837 mensis
382 2772 462 2836 lunii
495 2775 622 2854 magnis
660 2774 856 2839 torsionibus
886 2774 999 2839 calculi
1039 2778 1072 2838 et
1109 2774 1208 2839 colice
1246 2773 1407 2855 passionis

153 2890 328 2968 quassatus
374 2888 498 2969 absque
553 2892 832 2954 sacramentorum
875 2889 1087 2972 percepcione
1133 2892 1182 2954 est
1224 2889 1405 2953 defunctus.

154 2999 437 3083 verumptamenh
457 3022 558 3067 unum
582 3003 624 3068 de
647 3001 830 3085 permissisi
861 3005 944 3069 inter
962 3005 1072 3070 omnia
1087 3005 1134 3068 eis
1148 3005 1207 3068 luit
1222 3006 1406 3085 acceptum,

154 3117 301 3182 videlicet
342 3118 430 3199 quod
470 3118 606 3184 materia
639 3119 770 3183 habitus
803 3138 915 3184 eorum
949 3119 1135 3202 preciosior,
1169 3138 1269 3200 quam
1303 3137 1407 3199 usquc

153 3230 197 3297 ad
221 3232 275 3297 illa
298 3237 446 3314 temporo
480 3254 552 3297 esse
579 3239 803 3311 consueverat,
841 3235 887 3298 eis
920 3254 978 3316 per
1011 3234 1098 3315 ipsos
1132 3233 1315 3297 visitatores
1347 3231 1407 3295 luit

154 3345 298 3422 indulta;
323 3347 427 3411 torma
452 3351 572 3423 tamen,
596 3367 661 3429 que
684 3348 797 3429 titique
821 3348 986 3428 religionis
1009 3347 1220 3412 devocionem
1245 3347 1404 3411 maiorem

152 3460 360 3542 protenderet
372 3456 399 3536 ¹¹,
424 3459 502 3542 ipsis
525 3461 725 3543 displicebat.
775 3461 812 3525 ut
836 3482 921 3539 ecce,
951 3481 1048 3526 neruo
1072 3461 1113 3526 de
1137 3462 1223 3526 clero
1248 3456 1318 3524 rel¹
1347 3479 1406 3542 po·

153 3573 231 3655 pulo
255 3577 313 3637 aut
337 3573 529 3637 militaribus
554 3575 668 3650 luerat,
701 3575 755 3657 qui
780 3574 875 3639 dictis
898 3575 1120 3640 visitatoribus
1153 3574 1293 3639 loraueis
1325 3577 1405 3637 nutu

153 3686 285 3767 quidem
310 3706 344 3750 sc
369 3691 567 3768 opponeret:
601 3689 656 3770 qui
683 3689 771 3770 prius
795 3708 830 3753 se
853 3690 987 3753 domino
1010 3708 1071 3753 suo
1094 3708 1198 3770 usque
1221 3688 1264 3753 ad
1289 3706 1410 3763 rerum,

154 3820 326 3883 corporum
351 3801 579 3884 bonorumque
602 3802 756 3885 pericula,
780 3823 821 3868 ne
848 3803 1000 3869 monachi
1031 3804 1279 3885 corrigerentur,
1303 3822 1410 3884 oppo-

243 4044 259 4071 ·
278 4035 348 4083 duo
368 4030 432 4084 Pad.
492 4029 579 4101 bquo
607 4036 677 4086 deest
705 4032 765 4086 Par.
830 4046 843 4075 ⁰
866 4034 912 4088 via
938 4032 1059 4100 (Druck.)
1133 4031 1315 4087 *ltimondom
1345 4031 1406 4086 Par.

154 4131 168 4160 ⁰
190 4119 299 4175 moociia
317 4118 439 4183 (Druck).
495 4118 560 4173 fet
579 4120 640 4177 Par.
707 4120 868 4191 aprobovit
887 4122 948 4178 Por.
1003 4120 1226 4176 hverumtamen
1247 4120 1275 4175 15.
1314 4118 1406 4190 ipre·

154 4207 246 4261 minoio
269 4205 298 4262 b.
354 4205 369 4247 ¹¹
390 4205 563 4276 protenderat
581 4206 610 4261 L.
631 4210 687 4262 iord
708 4210 927 4261 rrrrbrorlieinlirli
943 4212 1010 4262 ‹mcl
1031 4208 1097 4264 Pul.
1127 4211 1159 4263 In
1176 4210 1299 4260 lentem
1312 4210 1406 4261 liund-

154 4297 253 4360 acltrisl
272 4297 382 4360 belinrtrt
401 4297 458 4347 atet
475 4299 574 4362 yrrudc
594 4301 627 4348 im
651 4299 786 4350 h'nrlrocol
805 4301 846 4349 ein
867 4300 968 4350 lirim
988 4298 1068 4351 [Arrii.
1119 4294 1127 4337 Ι
1157 4298 1226 4349 circat
1246 4293 1274 4348 la.

159 4428 270 4437 —-
310 4428 395 4437 ι...-
435 4430 457 4434 --

247 4501 267 4566 ¹)
289 4503 368 4555 Dies(
388 4501 547 4554 neafliam
565 4503 674 4555 murdro
694 4520 727 4553 :u
748 4503 950 4568 teterrinum,
970 4506 1052 4554 einrm
1071 4504 1180 4553 l'ormrr
1195 4520 1242 4552 rora
1258 4502 1407 4563 n'omronz,

158 4595 226 4644 1⁴17
243 4591 345 4656 yesrrdt.
389 4590 474 4655 l'eryl.
496 4608 517 4641 r.
537 4591 563 4640 d.
583 4591 684 4655 lior-dl,
703 4588 913 4644 Comuuciem
931 4588 1074 4644 concilium
1099 4587 1144 4652 li',
1170 4594 1197 4641 N.
1217 4593 1277 4639 2³5.

210 4701 415 4745 Conaridrouiiun
431 4700 553 4743 Cebalini
572 4699 673 4744 Person.
1156 4687 1193 4750 15
