3390 5160
782 293 955 347 „ffl-

244 453 318 515 licet
350 453 490 533 populns
524 451 646 525 credat,
680 451 769 532 quod
802 450 975 514 cardinalis
1008 451 1109 514 sancti
1134 449 1221 514 Petri
1246 468 1336 531 papa
1360 449 1491 512 existat.

244 567 407 644 Quoniam
432 568 564 648 quidam
591 567 740 630 dixerant
765 565 935 639 Romanis,
970 566 1058 646 quod
1083 565 1169 627 idem
1195 563 1371 627 cardinalis
1396 565 1492 626 sancti

173 663 176 670 ⁶
243 681 368 758 Peon,
402 682 456 762 qui
481 686 551 744 erat
576 681 756 756 Romanus,
781 681 864 743 soret
887 680 1009 744 electus
1024 680 1056 761 ¹),
1091 679 1186 743 amici
1210 683 1243 742 et
1267 678 1493 758 consanguinei

245 797 313 859 eius
338 800 496 859 venerunt
520 796 562 859 ad
587 815 660 858 eum
687 799 719 857 et
743 795 960 858 exbibuerunt
983 790 1071 856 sibib
1092 793 1313 858 reverenciam
1335 793 1494 874 papalem.

245 916 276 973 et
295 911 434 992 populus
458 911 591 973 domum
606 922 617 945 ¹·
639 910 708 972 eius
732 909 882 990 spoliavit
907 909 1058 972 omnibus
1082 907 1370 989 suppellectilibus,
1404 912 1495 988 pmut

245 1027 344 1089 moris
368 1030 417 1089 est
441 1026 469 1088 ei
489 1022 520 1099 ‘¹3
545 1025 602 1090 sed
626 1026 696 1106 ipse
719 1025 871 1087 omnibus
896 1024 1073 1105 respondit,
1107 1043 1142 1088 se
1171 1043 1237 1086 non
1261 1042 1334 1087 esse
1366 1041 1495 1103 papini.

245 1141 283 1203 Et
307 1140 424 1203 deinde
452 1140 625 1203 cardinalis
651 1139 895 1203 Gebbennensis
919 1140 1059 1203 armavit
1083 1158 1118 1201 se
1142 1142 1174 1201 et
1204 1138 1246 1201 ad
1270 1141 1417 1202 castrum
1441 1137 1497 1200 Za·

244 1256 346 1335 garoli
384 1275 419 1319 se
456 1255 630 1318 transtulit.
691 1255 730 1317 Et
772 1255 924 1318 dominus
962 1255 1122 1335 Agapitus
1168 1272 1242 1316 cum
1281 1254 1398 1318 amicis
1435 1254 1498 1315 suis

245 1389 356 1434 versus
389 1370 552 1450 palacium
583 1389 668 1451 pape
701 1369 744 1434 ad
779 1368 1029 1433 custodiendum
1063 1368 1231 1432 dominum
1262 1368 1443 1434 Barensem
1467 1390 1498 1428 si

247 1485 472 1549 transferebat.

130 1624 233 1679 Aprile.
356 1600 479 1663 Deinde
517 1601 568 1663 (tie
599 1600 731 1664 Veneris
765 1620 893 1663 summo
928 1619 1025 1663 mane
1058 1599 1126 1681 ipse
1159 1599 1313 1662 dominus
1348 1598 1498 1663 Barensis

244 1715 332 1777 misit
365 1734 424 1795 pro
457 1715 676 1778 cardinalibus
709 1719 775 1779 tam
810 1715 880 1781 illis.
914 1715 969 1796 qui
1003 1719 1096 1778 erant
1119 1715 1151 1777 in
1178 1715 1267 1788 urbe,
1303 1713 1497 1796 quantillis.

245 1830 298 1910 qui
324 1836 416 1893 erant
441 1834 531 1894 extra
556 1830 680 1905 urbem,
710 1833 746 1892 ut
769 1830 980 1894 convenirent
1008 1829 1050 1893 ad
1075 1828 1360 1893 inthronizandum
1398 1834 1429 1892 et
1454 1830 1498 1891 la·

245 1944 394 2007 ciendum
420 1965 476 2008 eas
499 1944 745 2025 solempnitates
768 1945 823 2009 *et
857 1945 910 2008 illa
943 1944 1060 2020 otticia,
1094 1963 1158 2025 que
1185 1944 1272 2009 circa
1295 1943 1375 2007 talia
1400 1944 1553 2006 aroris&

245 2064 295 2121 est
328 2060 405 2121 lieri.
463 2059 588 2135 Quibus
621 2059 824 2122 venientibus
837 2058 860 2140 ²)
895 2059 1000 2122 dictus
1024 2059 1145 2122 electus
1175 2058 1255 2121 dixit
1279 2058 1496 2122 cardinalibus

246 2173 278 2236 in
303 2174 419 2236 ellectu
435 2174 629 2237 verborum:
657 2173 795 2243 ,Domini
821 2179 850 2236 et
876 2178 1010 2254 patres⁸
1032 2173 1304 2247 reverendissimi,
1325 2174 1404 2254 quia
1423 2172 1496 2235 diei-

247 2293 309 2364 tur,
334 2288 422 2368 quod
448 2308 500 2350 me
526 2288 694 2367 indignum
720 2288 860 2367 elegistis
886 2289 916 2350 in
941 2307 1105 2352 summum
1130 2288 1330 2370 pontificem,
1364 2306 1444 2368 rogo
1466 2291 1492 2347 et

246 2402 392 2483 supplico
427 2403 457 2464 in
491 2402 622 2464 nomine
655 2402 777 2464 domini
806 2401 907 2464 nostri
941 2402 1012 2465 lesu
1042 2400 1172 2477 Christi,
1206 2401 1295 2483 quod
1329 2401 1492 2464 veritatem

245 2515 360 2577 dicatis
384 2515 491 2587 michi,
516 2516 542 2577 si
568 2515 684 2578 lecistis
709 2516 769 2578 boc
793 2535 851 2596 per
874 2515 1018 2596 aliquam
1045 2517 1291 2596 impressionem
1308 2515 1356 2579 vel
1381 2514 1491 2579 fecistis

247 2629 307 2692 hoc
331 2631 440 2692 animo
466 2629 565 2693 libero
590 2634 621 2692 et
646 2630 850 2694 voluntario‘.
899 2631 962 2706 Qui
987 2634 1063 2694 tunc
1092 2630 1333 2713 responderunt
1355 2634 1389 2693 et
1413 2632 1490 2693 ium·

247 2748 357 2807 mento
391 2747 612 2819 firmaverunt,
647 2745 733 2825 quod
767 2764 833 2808 non
845 2742 856 2781 f
882 2745 1051 2824 elegerunt
1083 2764 1157 2808 eum
1182 2763 1241 2827 per
1269 2745 1413 2827 aliquam
1437 2745 1488 2806 irn-

246 2858 446 2937 pressionem
473 2858 529 2922 sed
554 2858 663 2932 libere,
689 2863 717 2920 et
744 2859 857 2922 electio
883 2863 952 2921 erat
977 2859 1129 2938 legitima,
1164 2859 1249 2923 iusta
1274 2863 1306 2923 ct
1330 2858 1484 2923 canonica.

246 2973 328 3035 sicut
352 2992 496 3053 unquam
522 2973 606 3036 laeta
637 2973 694 3034 luit
718 2973 832 3036 electio
856 2972 897 3037 de
929 2973 1039 3054 aliquo
1072 2992 1203 3037 summo
1238 2974 1392 3055 pontitice
1421 2974 1481 3052 post

247 3090 394 3150 sanetum
421 3086 564 3150 Petrum.
613 3087 651 3148 Et
675 3091 752 3150 tunc
776 3087 1028 3150 consedentibus
1052 3085 1139 3168 ipsis
1169 3086 1343 3151 cardinalis
1367 3086 1478 3150 Floren-

247 3201 344 3275 tinus,
368 3201 422 3281 qni
449 3205 526 3263 tunc
550 3205 619 3263 erm
644 3201 881 3282 Portuensisi).
916 3202 957 3264 ad
993 3201 1304 3265 inthronizacionem
1329 3202 1395 3264 eius
1417 3196 1475 3261 lari·

246 3315 363 3378 endam
389 3316 506 3395 incepit
531 3334 588 3395 per
621 3315 753 3377 modurn
790 3317 948 3378 sermonis
982 3334 1164 3396 proponere
1197 3314 1256 3379 hec
1289 3315 1385 3378 verba
1411 3329 1472 3391 ape

338 3540 352 3565 ¹¹
374 3543 490 3595 papa-
512 3526 586 3578 Petri
607 3530 677 3578 cleas!
702 3525 822 3591 (Druckl.
875 3525 934 3579 bei
959 3525 1081 3589 (Dmck).
1130 3526 1262 3581 ‘domuc
1275 3526 1346 3580 Par..
1374 3528 1398 3575 ln
1421 3515 1468 3573 rut.

247 3634 292 3667 con
320 3617 437 3680 pleiades·
469 3618 551 3666 lland
580 3616 721 3667 inclamari
751 3634 784 3667 za
813 3615 930 3667 domum.
1003 3614 1017 3654 ¹¹
1039 3619 1110 3667 aleca
1141 3614 1217 3669 Caso.
1247 3614 1365 3681 (Druck).
1416 3603 1467 3658 ’ἦ

247 3708 339 3773 parles
362 3703 427 3757 Pud.
502 3702 513 3741 ¹¹
539 3721 590 3757 non
615 3711 707 3771 apllter
727 3707 919 3770 nirrhyelmrycn
940 3703 1006 3756 Pad.

338 3904 356 3967 ¹)
383 3909 469 3973 l'rrpl.
491 3908 610 3959 ludrica
631 3925 679 3957 ron
701 3909 821 3958 nt'irheim
843 3908 869 3958 S.
885 3913 923 3958 13.
955 3938 984 3944 -·
1014 3907 1032 3969 ²)
1057 3907 1205 3973 l'nycnaa:
1227 3924 1283 3959 aar
1300 3906 1377 3970 :auls
1392 3896 1465 3953 lbrdi·

247 3999 308 4048 afile
326 3999 427 4060 saman
449 3997 504 4047 airh
525 4014 576 4046 zai·
599 3997 810 4048 lallaroniaatioa
832 4000 883 4060 eiii,
913 3996 1029 4046 ndndicd
1059 3996 1175 4061 arioleicb
1200 3997 1296 4048 seim
1313 3997 1344 4046 de
1363 3985 1464 4044 tf'ortt'ssst·

246 4090 336 4137 Simon
357 4088 388 4137 de
412 4084 565 4148 llroaaonia,
597 4087 739 4136 (lerardrae
767 4088 799 4136 dc
826 4087 915 4145 lando,
940 4086 1037 4136 Pelium
1055 4087 1088 4136 de
1107 4086 1198 4150 Laena,
1220 4087 1315 4150 [mer
1340 4080 1398 4135 aad
1419 4074 1463 4123 1³*

242 4192 330 4240 peram
362 4173 448 4224 llitlen
476 4174 615 4224 dolamine«
643 4176 675 4223 dc
706 4178 811 4235 l'roaao‚
843 4174 933 4223 (illido
962 4176 994 4221 de
1024 4174 1145 4230 Molem,
1176 4175 1273 4226 Petrus
1298 4175 1331 4225 de
1355 4170 1462 4217 smmi

247 4264 324 4329 Hispo
343 4266 375 4313 de
396 4263 546 4319 ,innotata
580 4264 673 4313 Iao-aa
696 4265 728 4312 dc
754 4264 882 4313 Alacrino
912 4264 968 4312 iliad
989 4262 1154 4313 ‹locillelmac
1182 4263 1215 4313 de
1238 4259 1373 4329 Aprisolt‘o.
1404 4244 1460 4303 Μ

247 4353 385 4403 Bertrnnd
407 4353 518 4415 [amerii
545 4352 605 4400 lam
628 4352 691 4401 noch
713 4352 865 4415 iachlzeilip
887 4369 919 4401 :a
940 4351 997 4401 dem
1020 4350 1094 4401 Alae.
1135 4350 1305 4403 Frontiabm
1324 4333 1462 4400 aalide&

246 4460 303 4491 witi·
332 4441 480 4505 ilberlmapt
504 4440 568 4489 heim
592 4441 686 4504 Pnpslr
703 4441 831 4503 petillelan
883 4441 932 4490 Ilii·
952 4439 1060 4504 libripen
1084 4439 1243 4507 Cordindle,
1271 4436 1358 4489 welch!
1379 4446 1408 4481 ΙΙ
1422 4424 1460 4473 ff‘f

253 4530 329 4580 ll'nbl
360 4531 555 4595 leilpenomnicn
576 4529 674 4584 bullen,
703 4530 805 4578 meliten
826 4528 881 4577 sicli
904 4531 937 4576 im
960 4528 1049 4590 Ianicl'e
1068 4528 1118 4578 der
1146 4527 1271 4579 videlidet
1302 4525 1364 4590 Tay(
1377 4519 1419 4569 ‘⁸⁵⁸-
1434 4535 1456 4545 '

247 4616 265 4680 ¹³)
285 4621 339 4669 s'ea
361 4621 437 4668 1375.
