3390 5160
776 340 951 396 ..36-

242 499 269 548 et
287 494 459 566 appellabant
478 513 507 549 ae
528 495 764 549 lherosolimitasss
793 501 828 559 et,
849 514 1008 565 quocunque
1027 496 1197 550 declinabant
1217 496 1366 567 perviam,
1397 496 1490 550 ludeos

242 592 420 646 trucidabant.
467 592 535 646 Nam
555 591 625 662 apud
647 593 825 662 Magunciam
846 593 979 647 dominica
998 596 1060 647 ante
1080 594 1200 647 festum
1221 593 1417 649 penthecostes
1444 595 1489 649 cir-

242 690 309 742 citer
328 693 478 758 nongentos
496 689 597 743 Iudeos
622 690 853 750 trucidarunt.
882 707 950 758 quos
968 690 1110 760 episcopus
1129 708 1200 745 cum
1224 691 1295 745 suis
1323 690 1361 744 ds
1388 692 1488 744 mani·

242 787 302 840 bus
323 787 596 841 llrerosolimitarum
616 788 718 858 eripere
744 806 804 841 non
825 788 932 857 potuit.
971 787 1009 840 Et
1027 788 1075 841 sic
1095 786 1256 850 Wormacie,
1280 786 1390 842 Colonie
1409 792 1441 841 et
1459 788 1488 842 in

242 885 366 938 ceteris
385 885 542 939 civitatibus
562 885 665 938 ludeos
684 885 884 938 occiderunt.
923 884 1096 938 utstatim
1116 902 1199 939 anno
1227 886 1384 954 sequenti
1413 886 1486 939 multi

243 981 378 1052 principes
397 986 425 1035 et
444 982 561 1051 episcopi
583 982 721 1035 Alemanie
740 986 768 1035 et
786 981 874 1035 Gallie
892 999 952 1035 cum
972 981 1116 1035 electorum
1136 981 1253 1035 virorum
1272 982 1374 1037 milicia
1397 1000 1488 1037 versus

241 1077 351 1132 Terram
371 1082 494 1132 sanctam
513 1097 542 1132 se
561 1078 767 1133 transtulerunt.
805 1077 844 1132 De
863 1079 1014 1148 peregrinis
1041 1082 1131 1132 autem
1150 1078 1314 1148 supradictis
1333 1080 1487 1149 vulgaribus

240 1176 325 1238 multi,
345 1194 404 1228 cum
424 1194 472 1246 per
493 1175 638 1244 Ungsriam
658 1175 851 1245 indisciplinati
870 1174 1052 1238 transirent,h
1081 1174 1114 1228 ab
1134 1175 1253 1244 Ungaris
1271 1177 1401 1247 prostrati
1418 1183 1485 1231 sunt.

240 1272 354 1326 Nomina
383 1290 445 1326 vero
473 1273 631 1342 principum,
662 1273 707 1341 qui
732 1273 845 1342 proiecti
874 1276 945 1336 sunt,
978 1273 1102 1326 luerunt:
1131 1274 1274 1344 episcopua
1295 1273 1436 1328 l’odiensis
1462 1280 1485 1327 et

240 1371 325 1424 freter
351 1371 425 1438 regis
452 1370 569 1439 Philippi
598 1370 630 1422 de
658 1369 753 1432 Gallia,
795 1370 981 1439 Regimundus
1012 1390 1102 1426 comes
1132 1371 1219 1426 sancti
1252 1370 1359 1439 egidii,
1394 1370 1486 1441 Egber·

239 1471 284 1520 tus
301 1467 317 1530 ¹)
345 1485 435 1520 comes
463 1466 632 1526 Normanuie.
665 1466 798 1521 Rohertus
825 1485 915 1521 comes
942 1468 1067 1523 Flandrie
1096 1473 1125 1522 et
1147 1487 1237 1523 comes
1256 1467 1367 1523 Bolonie
1385 1473 1414 1522 et
1433 1468 1486 1523 Bul·

240 1565 361 1618 dewinus
379 1583 469 1618 comes
488 1564 520 1617 de
540 1564 654 1617 ldontee
685 1568 713 1618 et
732 1564 903 1618 Baldewinus
922 1583 1012 1619 comes
1039 1565 1072 1619 de
1100 1565 1195 1619 Gauda
1223 1569 1251 1619 et
1274 1564 1417 1618 Gotiridus
1435 1564 1484 1618 dux

239 1661 414 1729 Lotharingie
441 1665 470 1714 et
490 1660 662 1715 baldewinus
680 1661 765 1714 frater
793 1662 860 1726 eius,
892 1662 1035 1731 episcopus
1067 1661 1319 1730 Stretzeburgeusis
1351 1667 1379 1716 et
1413 1662 1485 1715 Hart-

239 1776 353 1813 mannus
394 1758 426 1811 de
468 1758 575 1821 Suesia,
609 1757 827 1828 archiepiscopus
869 1758 985 1812 Pisanus
1021 1758 1054 1813 de
1085 1758 1192 1839 Tuscia*
1223 1763 1251 1813 et
1296 1759 1484 1813 Bohamundua

237 1856 362 1925 princeps
398 1856 457 1909 sive
494 1854 549 1907 dux
586 1854 619 1908 de
656 1855 755 1924 Apulia
793 1858 825 1908 et
861 1856 968 1909 frater
1009 1857 1099 1924 regis
1131 1829 1292 1910 Danorirm
1330 1855 1482 1910 etmulti

238 1952 295 2006 alii
316 1953 485 2022 principes
504 1955 536 2005 et
555 1951 684 2005 nobiles
703 1970 771 2004 cum
791 1951 840 2004 eis
869 1952 1014 2021 profecti
1034 1957 1131 2016 sunt,
1151 1970 1286 2024 cumque
1313 1953 1353 2006 ad
1372 1960 1484 2023 partes

238 2049 478 2102 ultramarinas
506 2051 680 2112 venerunt,
708 2047 912 2102 obsederunt
940 2048 1148 2103 Antiochiam
1176 2049 1346 2103 mensibus
1374 2068 1484 2104 norem

66 2149 211 2193 uerel’ol.
238 2147 271 2197 et
289 2148 449 2215 ceperunt
468 2162 548 2208 eam,
568 2149 603 2197 et
621 2143 737 2197 ibidem
762 2143 891 2198 cuidam
920 2144 1047 2198 rustico
1075 2163 1131 2215 per
1159 2149 1307 2199 sanctum
1328 2146 1486 2201 Andrean

239 2241 391 2295 revelata
427 2241 492 2294 luit
526 2240 642 2294 lancea
669 2239 791 2294 Domini
796 2283 1487 2298 ............

52 2436 224 2482 spirensem.
347 2432 386 2487 lit
410 2433 527 2487 deinde
555 2449 637 2486 anno
665 2435 818 2503 sequenti
846 2433 1006 2488 videlicet
1034 2435 1230 2490 nativitatis
1258 2435 1385 2492 Domini
1408 2439 1484 2494 1099

237 2529 383 2584 Christiani
402 2533 529 2599 ceperunt
550 2529 693 2583 Ierusalem
713 2529 807 2584 multis
833 2530 942 2585 milibus
964 2532 1106 2598 gentilium
1134 2534 1279 2602 prostratis
1300 2535 1409 2589 ibidem.
1454 2536 1486 2590 Et

237 2626 291 2679 dux
310 2625 451 2679 Gotlridus
469 2626 606 2695 prefectus
614 2624 629 2665 (ἲ
658 2630 700 2680 est
718 2627 832 2682 civitati.
869 2627 928 2680 Rex
947 2633 1036 2682 autem
1059 2627 1196 2683 liabilonis
1218 2633 1294 2685 veuit
1322 2631 1486 2687 lheruealem

236 2727 330 2775 contra
348 2721 516 2776 Christianos
548 2722 718 2792 preliatums
749 2728 777 2776 et
808 2723 955 2778 Christiani
987 2724 1163 2794 procedentes
1192 2729 1288 2781 contra
1320 2746 1381 2782 sum
1415 2730 1488 2799 plus

237 2836 332 2888 quam
351 2823 479 2872 centum
500 2818 591 2873 milia
610 2836 812 2888 paganorum
831 2821 987 2874 occiderunt
1014 2825 1051 2875 et
1069 2821 1247 2877 thesauros
1266 2823 1380 2894 ipsius
1400 2828 1489 2895 regis

237 2914 438 2968 obtinuerunt.
477 2914 592 2968 Eodem
612 2933 695 2969 anno
715 2915 848 2970 Henricus
874 2917 946 2972 filius
965 2917 1099 2974 Henrici
1119 2919 1289 2990 imperatoris
1309 2922 1414 2978 fratrs
1433 2942 1488 2977 suo

237 3010 359 3064 Conrado
378 3029 442 3079 rege
461 3012 634 3065 existente
663 3012 689 3065 in
721 3013 799 3067 ltalia
826 3017 854 3066 et
881 3015 1070 3070 consenciente
1088 3015 1253 3085 Aquisgrani
1279 3017 1305 3071 in
1326 3037 1419 3088 regem
1438 3024 1488 3074 est

205 3143 209 3152 -
237 3107 443 3161 sublimatus.
482 3110 572 3161 Anno
591 3114 751 3177 sequente
771 3110 825 3163 dux
845 3109 986 3164 Gotlridus
1013 3111 1052 3166 de
1073 3111 1211 3167 Boliou⁰
1243 3120 1304 3184 post
1332 3115 1488 3186 frequentes

236 3221 401 3275 paganorum
421 3202 611 3258 debellatrices
631 3206 759 3259 victorias
778 3205 893 3260 feliciter
920 3207 986 3261 obiit
1014 3211 1042 3262 et
1060 3227 1112 3263 non
1132 3209 1211 3279 longe
1230 3228 1247 3264 a
1265 3212 1410 3281 sepulchro
1429 3212 1487 3266 Do·

237 3300 314 3354 mini
344 3299 513 3369 sepelitur.
562 3299 596 3354 ut
619 3303 752 3355 successit
777 3303 801 3355 ei
830 3303 1001 3358 Baldewiuus
1028 3306 1113 3359 frater
1138 3324 1213 3371 suus,
1240 3309 1287 3377 qui
1315 3309 1414 3364 deinde
1441 3327 1487 3364 rex

237 3397 401 3451 lheruselem
420 3397 572 3466 appellatus
590 3403 639 3452 est.
678 3400 766 3453 Anno
790 3400 907 3455 dehinc
927 3401 1070 3456 secundo
1098 3403 1196 3457 oritur
1213 3403 1315 3459 sedicio
1339 3406 1412 3461 inter
1430 3407 1487 3461 Fre

235 3494 352 3549 doricum
401 3494 630 3564 archiepiscopum
677 3495 861 3551 Colonieusem
899 3503 927 3552 et
959 3498 1129 3553 Fredericum
1170 3502 1295 3555 comitem
1343 3502 1487 3559 Westialis

235 3591 316 3657 alias
340 3591 380 3655 de
404 3592 622 3674 Arensbergh.
675 3600 751 3654 Unde
788 3602 1006 3673 archiepiscopus
1031 3609 1151 3659 castrum
1178 3606 1353 3676 Arensbergh
1382 3608 1485 3663 obsedit

234 3709 262 3757 et
282 3705 385 3774 ipsum
404 3705 431 3758 iu
450 3705 615 3759 dedicionem
635 3708 770 3776 suscepit.
808 3706 848 3760 lit
866 3725 955 3761 comes
984 3708 1143 3763 diocesim
1163 3710 1350 3766 Colonieusem
1370 3713 1485 3767 flammis

234 3806 263 3855 et
281 3802 410 3871 rapinis
430 3806 650 3871 pervagatur,
678 3820 779 3872 quare
799 3804 856 3873 ipse
875 3821 965 3857 comes
984 3823 1000 3858 a
1019 3823 1095 3874 rege
1114 3806 1289 3876 proscribitur
1300 3807 1329 3869 ²).
1367 3808 1481 3864 Eodem

235 3915 317 3951 auno
345 3903 449 3951 mortuo
469 3897 609 3967 Hartwigo
638 3899 839 3969 archiepiscopo
858 3900 1084 3970 Magdsburgensi
1113 3903 1201 3956 clenrs
1228 3904 1312 3972 elegit
1340 3904 1482 3961 Hsnrieam

234 4002 267 4056 de
296 4004 368 4063 Aulo,
405 3997 529 4060 dudum
564 3997 751 4079 episcopum
767 3998 1080 4074 ,Pederburnensem
1106 4001 1178 4066 licet
1211 4021 1277 4066 non
1301 4004 1480 4084 pacificum,

235 4113 268 4172 ul
293 4111 515 4190 supradictum
541 4116 598 4175 esl.
637 4119 688 4172 Sed
709 4119 841 4173 Henricus
860 4138 929 4180 rex,
949 4139 1073 4176 asserens
1092 4122 1118 4176 in
1133 4122 1183 4176 hoc
1198 4122 1301 4191 regiam
1321 4130 1479 4193 potestatem

323 4319 337 4346 ¹⁸
358 4306 551 4361 lerosolimites
580 4307 607 4360 li.
682 4307 696 4346 Ι)
716 4309 881 4362 transierunt
909 4310 968 4364 Per.
1042 4323 1055 4351 θ
1078 4317 1106 4366 et
1131 4312 1303 4368 Baldewinus
1333 4345 1359 4351 -·
1393 4315 1478 4369 Hoste

234 4398 304 4445 doen
324 4395 383 4448 Par.
458 4395 471 4434 ¹¹
494 4400 645 4465 prostratus
665 4397 724 4450 l'ar.
798 4412 811 4437 ⁰
833 4398 866 4450 de
888 4399 979 4452 llolion
999 4403 1068 4453 elaea!
1088 4401 1148 4457 Par.

307 4559 326 4621 ¹)
346 4559 478 4612 liebertus
498 4562 577 4626 rrrpl.
597 4562 870 4625 &bosser-Boirlrorut
890 4582 914 4615 rr.
934 4583 959 4615 u.
982 4571 1010 4616 l).
1030 4570 1057 4618 δ’.
1072 4569 1132 4618 104.
1154 4595 1180 4604 ·-
1206 4564 1226 4628 ’l
1252 4568 1475 4635 l'eryl.Srheffrr·

234 4649 373 4701 Bedeiron!
392 4667 417 4700 rr.
437 4668 462 4701 rr.
484 4656 513 4700 (Ι,
533 4653 560 4700 S.
582 4654 638 4700 107.
