3352 5166
818 379 850 386 -
892 347 942 402 172
982 377 1013 386 -

326 424 394 478 Ree.
416 425 451 479 B.

151 543 205 584 noa
219 540 280 585 ran.
401 524 466 587 lsto
483 526 597 588 eodem
615 546 726 590 mense
744 527 774 589 iu
792 526 922 591 civitate
941 525 1201 591 Paderburuensi
1219 525 1252 588 in
1268 524 1378 606 platea
1392 528 1413 601 'l
1431 523 1548 587 Vultu·

292 639 334 701 ris
358 643 471 703 natum
496 642 546 703 est
569 646 763 717 monstrum,
788 641 878 704 cirins
902 645 994 706 tanta
1018 641 1078 704 luit
1094 638 1298 716 difformitas‚
1322 638 1412 720 qnod
1431 637 1548 703 mulie·

292 773 343 816 res
354 764 366 791 ³¹
389 754 495 835 ipsum
520 756 667 819 videntes
691 760 723 820 et
753 760 933 820 tractantes
966 756 1151 838 expeditam
1187 755 1382 820 relacionem
1417 754 1459 818 de
1492 752 1548 816 illo

292 869 397 933 lacere
421 890 484 933 non
511 868 700 946 valebant,
726 872 880 952 quoniam
905 872 976 935 loco
1000 891 1130 935 crurum
1143 883 1155 905 ‘¹
1177 875 1210 935 et
1226 870 1347 952 pedum
1361 870 1474 951 plures
1490 868 1549 932 de·

293 982 430 1046 cisiones
453 988 622 1065 tamquam
643 986 765 1049 caudas
790 1007 825 1049 se
848 986 944 1050 simul
964 987 1166 1050 involventes
1189 991 1220 1050 et
1241 985 1312 1049 loco
1336 983 1547 1048 brachiorum

292 1097 412 1161 similes
436 1099 631 1179 particiones
641 1096 655 1135 ¹¹
687 1120 722 1163 se
745 1105 860 1164 mutuo
885 1102 1101 1166 cancellantes
1125 1104 1157 1165 el
1182 1100 1383 1165 involventes
1406 1103 1439 1164 et
1463 1098 1548 1164 duas

292 1212 389 1276 iacies
412 1213 565 1290 babebat,
591 1219 622 1278 et
646 1219 759 1280 natum
785 1215 841 1279 fuit
867 1236 906 1279 ex
930 1216 1102 1281 fornicario
1124 1216 1210 1279 coitu
1224 1214 1395 1280 cuiusdam
1410 1213 1548 1296 presby·

292 1328 361 1404 teri,
395 1332 431 1391 ut
464 1333 568 1392 mater
602 1329 684 1393 illins
717 1331 864 1407 asseruit,
899 1350 962 1412 que
995 1331 1075 1394 alias
1094 1333 1290 1412 pepererat⁰
1311 1348 1370 1411 per
1392 1328 1546 1405 eundern,

293 1442 382 1522 quod
407 1446 477 1505 erat
500 1444 675 1519 notorium,
700 1443 757 1506 sed
782 1445 951 1525 presbyter
974 1444 1027 1508 ille
1051 1444 1248 1509 verecundia
1270 1442 1413 1507 suffusus
1436 1462 1473 1507 se
1488 1462 1548 1524 pa·

193 1579 278 1634 aprn.
293 1560 376 1618 trem
401 1556 484 1619 illius
508 1577 578 1621 esse
602 1558 741 1637 negavit.
790 1559 829 1621 Et
852 1559 969 1622 deinde
1003 1559 1035 1621 in
1069 1578 1180 1623 mense
1213 1557 1315 1639 Aprili
1347 1560 1464 1622 natum
1496 1562 1547 1622 est

291 1670 378 1735 aliud
404 1675 586 1735 monstrum
620 1673 651 1735 in
684 1673 755 1753 ipsa
788 1673 918 1737 civitate
950 1671 1005 1735 inf
1030 1673 1139 1754 platea
1168 1671 1348 1754 movere),
1381 1690 1449 1754 qua
1483 1672 1548 1736 itur

295 1785 416 1849 directe
440 1787 481 1850 de
505 1786 640 1850 ecclesia
655 1787 794 1851 Rurensi
808 1787 832 1869 ³¹)
848 1788 889 1852 ad
907 1788 1049 1868 plateam
1069 1787 1184 1869 liamp‚
1206 1787 1295 1868 quod
1311 1786 1343 1850 in
1358 1791 1493 1869 pectore
1515 1790 1549 1851 et

296 1904 405 1964 venire
430 1904 598 1982 tamquam
625 1923 724 1966 unum
751 1923 869 1984 eorpus
892 1903 1150 1982 conglutinatum
1175 1905 1318 1983 quatuor
1349 1901 1485 1967 brachia
1513 1920 1548 1965 se

294 2016 549 2096 complectentia
572 2022 605 2080 et
629 2018 711 2080 duas
735 2017 833 2082 iacies
857 2038 895 2082 ac
920 2016 1152 2081 discrecionern
1176 2016 1306 2081 feminei
1329 2035 1427 2079 sexus
1446 2015 1550 2080 lrabe-

294 2130 360 2193 bat.
407 2130 474 2195 Hec
499 2136 646 2196 monstra
670 2132 822 2195 videntur
846 2132 1049 2212 portendisse
1074 2131 1317 2211 colligacionem
1351 2130 1460 2211 patrie
1491 2130 1550 2195 de·

293 2245 480 2309 solatoriam
515 2247 546 2308 in
585 2246 716 2311 ciuitate
750 2251 781 2309 et
814 2247 933 2309 ‹liecesi
967 2246 1228 2311 paderburnensi
1264 2248 1381 2326 postea
1415 2244 1548 2310 iactam.

220 2381 279 2420 ιιιο,
295 2360 452 2423 Predictis
476 2361 629 2423 monstris
653 2362 811 2425 assentire
829 2361 956 2424 videtur
971 2363 1163 2437 monstrum,
1179 2360 1267 2441 quod
1283 2379 1370 2423 auno
1389 2364 1550 2441 sequente
1610 2359 1613 2362 ⁴

293 2478 405 2537 natum
430 2479 480 2537 est
505 2475 535 2537 in
552 2476 649 2555 opido
666 2475 860 2553 tt'artbergb
875 2474 899 2557 ⁴)
915 2475 999 2538 dicte
1014 2474 1150 2539 diocesis
1165 2473 1206 2538 de
1226 2493 1337 2538 mense
1350 2472 1549 2555 Septembri,

293 2610 374 2671 pner
398 2590 545 2654 videlicet
569 2592 733 2655 masculus
757 2611 871 2655 carens
895 2591 1003 2670 lingua
1028 2595 1060 2654 et
1092 2589 1217 2653 liabens
1249 2592 1336 2653 retro
1369 2589 1432 2653 sub
1464 2590 1552 2655 occi·

293 2705 359 2785 pite
384 2705 413 2767 in
439 2706 561 2769 cervice
590 2705 744 2786 pudenda
779 2706 880 2769 virilia
905 2710 936 2768 et
961 2705 1188 2768 nichilominus
1222 2704 1371 2769 membra
1393 2704 1550 2785 pudenda

296 2819 433 2883 babebat
472 2821 502 2883 iu
527 2821 597 2884 loco
623 2821 752 2893 debito;
789 2820 877 2901 qnod
902 2820 927 2883 si
951 2819 993 2884 ad
1018 2820 1247 2884 verecundiam
1281 2821 1551 2899 transgressionis

296 2935 551 3000 iuramentorurn
591 2935 707 3010 limais
747 2935 909 2998 lidelitatis
947 2935 1149 2999 cessantibus
1191 2937 1300 3016 potest
1311 2931 1326 2973 ¹¹
1355 2936 1551 3017 retorqueri,

294 3051 348 3131 qui
389 3052 463 3129 legit.
502 3051 685 3132 sequencia,
733 3052 903 3132 diligenter
941 3051 1101 3115 advertat.
1167 3051 1302 3132 lnsuper
1338 3050 1401 3115 hoc
1448 3070 1551 3129 anno,

221 3196 278 3234 rma
294 3185 360 3246 qno
384 3165 416 3228 iu
440 3166 571 3229 civitate
596 3165 857 3229 Paderburnensi
882 3161 979 3229 natai
1006 3169 1082 3228 sunt
1097 3169 1243 3228 monstra
1263 3165 1420 3247 predicta,
1444 3184 1553 3249 vapor

167 3282 405 3360 nov.1o.igneus
433 3282 633 3345 descendens
657 3281 699 3345 ab
733 3289 808 3344 aere
841 3281 873 3344 in
908 3280 960 3345 die
984 3281 1087 3344 sancti
1120 3280 1247 3344 Martini
1280 3280 1364 3344 diras
1396 3280 1553 3345 mulieres

292 3396 461 3459 eeclesiam
486 3395 674 3459 monasterii
699 3399 887 3458 sanctorum
912 3394 997 3458 l'etri
1022 3399 1054 3458 et
1078 3394 1170 3458 l‘auli
1196 3394 1478 3460 Paderbumeusis
1500 3394 1553 3461 di·

294 3509 399 3572 luculo
416 3511 547 3572 visitare
571 3510 716 3572 volentes
733 3513 808 3573 rante
823 3514 953 3590 portam
970 3509 1107 3573 abbacie
1126 3509 1204 3572 dicti
1221 3509 1410 3573 monasterii
1426 3510 1551 3588 obruit,

293 3597 328 3688 nt
353 3626 452 3687 nimio
477 3625 600 3702 fulgore
623 3625 792 3705 perterrito
816 3624 858 3687 ab
883 3623 1075 3686 alterutrum
1102 3623 1278 3687 interram
1302 3620 1474 3703 merente,
1490 3626 1552 3689 sed
1567 3626 1635 3727 {32

292 3740 414 3803 nullam
439 3740 484 3802 eis
508 3740 616 3802 intulit
640 3739 805 3802 lesionem.
853 3738 922 3801 lloc
947 3738 1106 3819 siquidem
1140 3758 1228 3802 arruo
1261 3738 1366 3802 abbas
1398 3738 1551 3807 eiusdem

292 3854 480 3917 monasterii
504 3874 577 3916 cum
602 3854 709 3934 priore
735 3853 866 3917 veniens
891 3853 922 3915 in
947 3851 1144 3917 discordiam
1173 3853 1280 3934 ipsum
1312 3853 1457 3935 priorem
1481 3856 1551 3937 pri-

293 3971 380 4033 vavit
404 3970 550 4050 prioratu
575 3973 607 4033 et
631 3969 672 4031 ad
698 3968 905 4032 inconsuetas
928 3968 1121 4048 ‹larnpnavit
1145 3966 1311 4043 emendas
1335 3986 1438 4050 aquo
1457 3969 1552 4051 prior

292 4085 334 4150 ad
358 4085 495 4148 electum
520 4083 823 4148 Paderburnensem
849 4089 1018 4164 tamquam
1053 4083 1190 4147 iudicem
1224 4082 1353 4147 abbatis
1385 4082 1551 4151 iumedia·

382 4287 396 4313 ¹¹
417 4274 557 4327 mulierum
578 4273 642 4328 rad.
693 4271 707 4309 ¹⁸
727 4272 855 4325 volebant
874 4272 939 4325 l‘nd.
1030 4283 1043 4311 ⁰
1067 4271 1184 4324 crurium
1208 4270 1238 4327 L.
1256 4270 1323 4327 Pau.
1386 4270 1550 4342 “perficio

292 4382 340 4417 nes
359 4364 420 4417 l’ar.
458 4363 633 4432 epepeperit
652 4362 713 4416 Per.
765 4361 777 4401 s
802 4365 871 4414 demi
892 4360 956 4413 l‘ad.
1018 4362 1161 4428 ugrone‘?
1179 4358 1209 4414 L.
1228 4359 1289 4413 Par.
1335 4358 1467 4430 hpoesa
1483 4360 1549 4418 Pur.

292 4452 300 4495 i
328 4453 440 4507 civitate
459 4451 523 4506 Pad.
599 4450 613 4491 l
635 4454 776 4504 merentur
795 4449 823 4503 la
842 4451 1112 4503 intercludebatur
1131 4447 1200 4504 Pau

425 4576 590 4584 .--———.

384 4650 402 4717 ¹)
424 4653 606 4705 Girrcstrude.
627 4678 658 4685 -
680 4649 699 4714 ²)
722 4648 818 4703 (trube.
840 4677 870 4683 —
893 4646 913 4713 ³)
935 4647 1096 4700 (iaudircbe.
1124 4676 1156 4685 -
1175 4645 1196 4711 ⁴)
1223 4648 1362 4716 lifardum.
