3390 5160
755 336 949 393 -219-

222 499 301 561 runt
333 494 504 561 ecclesIam
528 493 674 559 ditando.
733 495 813 560 Item
848 511 962 559 omnes
1000 491 1042 556 de
1073 492 1187 557 ordine
1220 491 1478 557 blendieaneium

224 612 301 675 sunt
338 607 481 686 heretici,
519 611 552 672 et
588 608 704 673 dantes
741 606 787 672 eis
824 606 1035 673 elemosinam
1084 610 1160 670 sunt
1197 605 1478 671 excommunitati.

224 723 305 790 Item
329 742 417 806 papa
440 741 515 787 cum
539 722 690 787 omnibus
714 722 837 786 clericis
860 721 927 786 suis
950 721 1173 803 possessiones
1205 720 1402 786 habentibus
1431 724 1480 785 est

223 837 396 914 hereticus,
421 855 461 901 eo
485 836 574 918 quod
597 836 820 918 possessiones
853 836 986 913 babent,
1021 839 1054 899 et
1088 854 1204 899 omues
1235 834 1480 900 consencientes

224 952 282 1030 eis,
305 950 426 1016 scilicet
449 949 572 1015 domiui
597 950 795 1032 temporales
819 955 852 1015 et
875 950 946 1015 laici
970 949 1078 1014 ceteri.
1135 949 1215 1014 Item
1244 947 1379 1014 ecclesia
1412 948 1480 1013 Ro·

224 1084 324 1132 mana
348 1067 397 1129 est
420 1074 611 1147 synagoga·
632 1062 788 1141 sathane,
822 1083 882 1129 uec
905 1083 993 1145 papa
1016 1065 1065 1127 est
1098 1061 1306 1128 immediatus
1339 1065 1372 1126 et
1403 1081 1480 1144 pro·

224 1179 332 1246 ximus
355 1178 494 1243 vicarius
517 1178 590 1242 Iesu
613 1178 734 1242 Christi
768 1181 800 1243 et
832 1177 1067 1260 apostolorum.
1124 1177 1205 1241 Item
1238 1176 1416 1259 imperator
1448 1180 1481 1241 et

225 1292 348 1358 domini
372 1292 534 1358 seculares
562 1292 688 1357 seducti
719 1296 796 1357 sunt
828 1291 1023 1375 adyabolo‚
1056 1294 1092 1355 ut
1125 1289 1293 1356 ecclesiam
1328 1291 1481 1356 dolarent

225 1406 268 1471 de
303 1405 398 1472 bonis
434 1406 679 1488 temporalibus.
740 1406 821 1470 Item
859 1405 972 1471 electio
1005 1423 1091 1488 pape
1123 1426 1143 1471 a
1175 1404 1393 1469 eardiualibus
1422 1423 1481 1487 per

225 1518 403 1604 dyabolum
435 1522 485 1584 est
507 1519 701 1584 introducta.
756 1520 835 1584 Item
875 1538 940 1583 non
978 1523 1028 1583 est
1064 1518 1105 1584 de
1141 1519 1335 1584 necessitate
1367 1518 1481 1582 salutis

226 1633 358 1700 credere
382 1632 568 1698 Romanam
593 1633 763 1699 ecelesIam
788 1653 859 1699 esse
882 1651 1071 1715 supremam
1096 1632 1180 1698 inter
1202 1633 1284 1698 alias
1318 1632 1480 1698 ecclesIas.

226 1748 307 1815 Item
331 1748 457 1813 Iatuunr
481 1752 531 1812 est
553 1747 686 1812 credere
709 1747 921 1828 indulgenciis
944 1767 1030 1830 pape
1054 1752 1085 1812 et
1115 1747 1353 1830 episcoporum.
1400 1747 1480 1812 Item

225 1862 409 1928 iuramenta
434 1861 542 1927 illicita
566 1866 652 1939 sunt,
679 1881 743 1944 que
773 1862 855 1927 Ilunt
878 1862 921 1928 ad
954 1861 1176 1926 roborandum
1210 1860 1372 1926 bumanos
1404 1880 1481 1926 con·

226 1979 350 2042 tractus
383 1979 416 2040 et
448 1976 644 2041 commercia
676 1975 792 2040 civilia.
840 1976 921 2040 Item
955 1977 1167 2056 Augustinus,
1210 1975 1406 2040 Benedictus
1449 1979 1482 2039 et

227 2088 438 2156 Bemburdus
461 2089 633 2172 dampnati
656 2092 744 2166 sunt,
767 2089 828 2153 nisi
852 2088 1050 2172 penltuerint
1074 2088 1115 2153 de
1138 2087 1211 2166 boe,
1245 2088 1333 2171 quod
1358 2088 1481 2153 babue-

229 2208 306 2293 runt
337 2203 560 2287 possessiones
593 2207 626 2268 et
663 2203 872 2269 Instituerunt
915 2207 948 2268 et
980 2203 1184 2269 intraverunt
1221 2203 1410 2285 religiones;
1450 2207 1482 2267 et

226 2316 272 2383 sic
304 2338 325 2383 a
358 2335 445 2400 papa
477 2334 581 2399 usque
613 2317 656 2382 ad
689 2317 836 2382 inllmum
870 2317 1055 2397 religiosum
1088 2336 1202 2383 omues
1230 2322 1305 2381 sunt
1338 2317 1480 2382 heretici.

227 2431 308 2497 Item
341 2449 456 2497 omnes
488 2430 658 2514 religiones
693 2431 914 2497 indifferenter
946 2429 1155 2498 Introducteb
1184 2436 1261 2497 sunt
1284 2454 1304 2498 a
1330 2431 1481 2515 dyabolo.

227 2545 319 2612 Ultra
357 2544 521 2629 predictos
553 2545 708 2612 articulos
741 2545 902 2612 Iohannes
934 2545 1042 2611 Huess
1074 2547 1178 2611 tenuit
1205 2546 1358 2612 articulos
1383 2545 1482 2612 intra·

226 2661 385 2742 scriptos:
420 2659 549 2725 Uniea⁰
571 2664 621 2725 est
644 2665 758 2726 sancta
782 2660 974 2725 universalis
1007 2660 1152 2739 ecelesia,
1186 2680 1250 2743 que
1282 2665 1332 2726 est
1365 2660 1480 2742 prede·

227 2775 421 2841 stipatorum
450 2775 686 2841 unirersorurn.
738 2776 820 2841 Item
853 2775 974 2842 Paulus
1006 2795 1174 2858 nunquam
1208 2776 1266 2841 luit
1300 2777 1480 2840 membrum

228 2887 370 2972 dyaboli,
395 2887 468 2954 licet
492 2887 603 2954 lecerit
626 2888 787 2971 quosdam
812 2893 905 2955 actus
929 2890 1055 2955 actibus
1088 2890 1341 2971 malignancium
1376 2891 1482 2954 cousi·

228 3003 331 3069 miles.
378 3003 460 3069 Item
483 3003 613 3086 presciti
637 3023 703 3067 non
726 3007 803 3068 sunt
827 3008 938 3085 partes
962 3003 1104 3069 ecclesie.
1152 3007 1233 3069 Item
1267 3004 1332 3069 due
1355 3009 1482 3081 nature,

230 3117 384 3184 diviuitas
408 3120 441 3183 et
464 3116 661 3194 humandas,
694 3120 771 3183 sunt
804 3137 888 3183 unus
916 3117 1073 3182 Christus.
1121 3118 1201 3183 Item
1226 3119 1394 3200 premitus,
1423 3118 1482 3183 etsi

153 3225 216 3325 {⁸⁸⁴}
230 3230 408 3314 aliquando
436 3232 479 3297 sit
511 3232 543 3296 in
575 3232 686 3313 gracia
717 3232 896 3297 secundum
921 3236 1107 3313 presentem
1118 3229 1133 3271 ‘¹
1163 3232 1334 3310 iusticiam,
1372 3204 1482 3297 lamen

227 3365 395 3428 nunquam
430 3348 504 3411 est⁰
534 3365 610 3429 pars
643 3345 787 3412 ecclesie.
839 3346 878 3411 ut
912 3344 1155 3428 predestinatus
1190 3367 1319 3428 semper
1351 3344 1486 3412 manet‘

228 3459 411 3525 membrum
435 3460 568 3526 eoeleste
578 3469 605 3538 κ,
638 3459 713 3526 licet
744 3460 922 3542 aliquando
955 3458 1109 3526 excidath
1138 3482 1159 3526 a
1190 3461 1300 3543 gracia
1333 3462 1483 3527 adventi·

227 3574 289 3651 cia,
322 3573 380 3640 sar
413 3594 479 3638 non
511 3596 531 3639 a
563 3575 673 3653 gracia
704 3574 1004 3657 predestinacionIs.
1052 3575 1132 3640 llem
1170 3576 1285 3641 Petrus
1324 3596 1390 3640 non
1425 3576 1484 3640 luit

228 3708 287 3754 uec
311 3693 360 3754 est
383 3693 482 3771 caput
506 3689 639 3754 ecclesie
663 3689 831 3755 catholice.
879 3689 959 3755 Item
984 3690 1111 3772 papatis
1132 3690 1273 3771 dignitas
1295 3687 1334 3755 ai
1363 3692 1484 3755 Cesarc

229 3802 372 3879 inolevit,
396 3807 429 3867 et
452 3822 537 3885 pape
561 3802 741 3885 pretectiol
762 3808 795 3868 et
819 3804 982 3868 institucio
1007 3824 1027 3869 a
1051 3805 1172 3870 Cesare
1191 3808 1326 3887 potente
1351 3823 1485 3869 emaus·

230 3917 286 3981 vit.
332 3915 413 3982 Item
448 3936 515 3981 non
544 3922 673 3998 oportet
706 3918 847 3996 credere,
880 3919 968 4000 quod
1003 3919 1062 3983 iste
1095 3919 1281 4002 quicunque
1314 3919 1485 3984 Itomanus

229 4031 372 4115 pontifex
401 4031 442 4094 stt
474 4035 573 4113 caput
605 4032 830 4114 cuiuscunque
864 4033 1067 4115 particularis
1100 4033 1235 4099 ecclesie
1267 4037 1390 4109 sancte,
1423 4033 1484 4097 uisi

229 4145 316 4210 Deus
352 4165 428 4209 eum
466 4145 712 4226 predestinaret.
775 4147 854 4212 Item
887 4168 984 4212 neruo
1015 4149 1097 4230 gerit
1141 4149 1242 4214 ricem
1277 4148 1396 4213 Cirristi
1435 4147 1484 4212 rel

231 4256 337 4325 beati¹
364 4259 462 4336 Petri,
497 4258 557 4324 nisi
581 4280 655 4326 eum
684 4263 841 4343 sequatur
865 4260 897 4326 in
921 4262 1077 4335 moribus,
1110 4282 1185 4328 cum
1218 4262 1305 4327 nulla
1338 4262 1401 4327 alia
1434 4282 1485 4327 se·

319 4475 335 4504 ⁸
354 4461 469 4517 ecclesio
487 4461 548 4516 Psr.
622 4461 638 4502 b
657 4463 801 4518 introducti
822 4464 886 4519 Pod.
961 4467 1073 4521 cunita
1100 4467 1165 4521 l'sd.
1234 4465 1436 4536 ‘lpresencisru
1456 4464 1484 4519 L.

231 4555 336 4603 odmr
356 4550 421 4605 Psd.
512 4548 523 4590 ¹
550 4556 641 4606 munet
660 4568 766 4622 semper
785 4552 814 4607 L.
905 4556 1012 4605 adeor
1040 4553 1069 4610 1..
1100 4554 1166 4610 Psd.
1258 4552 1397 4608 hexcitat
1424 4553 1485 4608 l'sr.

231 4637 240 4682 i
268 4642 296 4694 ot
316 4639 381 4694 Psd.
458 4637 625 4710 *pexae
662 4639 784 4706 (Druck).
858 4639 865 4682 ¹
895 4642 983 4697 uncti
1001 4642 1067 4698 Per.
